Time,last,volume
2022-08-31 09:30:00,101.490,96.000
2022-08-31 09:30:01,101.495,139.000
2022-08-31 09:30:02,101.490,157.000
2022-08-31 09:30:02,101.495,175.000
2022-08-31 09:30:02,101.495,181.000
2022-08-31 09:30:03,101.490,199.000
2022-08-31 09:30:03,101.490,215.000
2022-08-31 09:30:04,101.485,227.000
2022-08-31 09:30:04,101.490,256.000
2022-08-31 09:30:05,101.490,259.000
2022-08-31 09:30:05,101.490,263.000
2022-08-31 09:30:06,101.490,265.000
2022-08-31 09:30:06,101.490,268.000
2022-08-31 09:30:07,101.495,329.000
2022-08-31 09:30:07,101.500,348.000
2022-08-31 09:30:08,101.500,361.000
2022-08-31 09:30:08,101.500,380.000
2022-08-31 09:30:09,101.500,396.000
2022-08-31 09:30:10,101.500,434.000
2022-08-31 09:30:10,101.500,449.000
2022-08-31 09:30:10,101.505,458.000
2022-08-31 09:30:11,101.500,465.000
2022-08-31 09:30:11,101.500,486.000
2022-08-31 09:30:12,101.500,499.000
2022-08-31 09:30:13,101.500,518.000
2022-08-31 09:30:13,101.500,518.000
2022-08-31 09:30:13,101.500,529.000
2022-08-31 09:30:14,101.500,554.000
2022-08-31 09:30:14,101.500,566.000
2022-08-31 09:30:15,101.500,566.000
2022-08-31 09:30:15,101.500,571.000
2022-08-31 09:30:16,101.500,597.000
2022-08-31 09:30:16,101.500,619.000
2022-08-31 09:30:17,101.485,726.000
2022-08-31 09:30:18,101.490,756.000
2022-08-31 09:30:18,101.490,784.000
2022-08-31 09:30:18,101.490,816.000
2022-08-31 09:30:19,101.485,853.000
2022-08-31 09:30:19,101.485,858.000
2022-08-31 09:30:21,101.485,862.000
2022-08-31 09:30:21,101.485,863.000
2022-08-31 09:30:21,101.485,865.000
2022-08-31 09:30:22,101.480,890.000
2022-08-31 09:30:22,101.480,900.000
2022-08-31 09:30:23,101.485,955.000
2022-08-31 09:30:23,101.485,966.000
2022-08-31 09:30:24,101.485,966.000
2022-08-31 09:30:24,101.480,988.000
2022-08-31 09:30:25,101.485,989.000
2022-08-31 09:30:26,101.485,989.000
2022-08-31 09:30:26,101.480,992.000
2022-08-31 09:30:26,101.480,993.000
2022-08-31 09:30:27,101.480,1002.000
2022-08-31 09:30:27,101.480,1005.000
2022-08-31 09:30:28,101.480,1006.000
2022-08-31 09:30:29,101.475,1011.000
2022-08-31 09:30:29,101.475,1013.000
2022-08-31 09:30:29,101.475,1033.000
2022-08-31 09:30:30,101.475,1037.000
2022-08-31 09:30:30,101.475,1037.000
2022-08-31 09:30:31,101.470,1039.000
2022-08-31 09:30:31,101.470,1094.000
2022-08-31 09:30:32,101.475,1121.000
2022-08-31 09:30:32,101.470,1134.000
2022-08-31 09:30:33,101.475,1135.000
2022-08-31 09:30:33,101.470,1240.000
2022-08-31 09:30:34,101.470,1252.000
2022-08-31 09:30:34,101.470,1305.000
2022-08-31 09:30:35,101.475,1313.000
2022-08-31 09:30:35,101.475,1339.000
2022-08-31 09:30:36,101.475,1339.000
2022-08-31 09:30:37,101.475,1339.000
2022-08-31 09:30:37,101.470,1364.000
2022-08-31 09:30:37,101.470,1379.000
2022-08-31 09:30:38,101.470,1381.000
2022-08-31 09:30:38,101.465,1439.000
2022-08-31 09:30:39,101.465,1458.000
2022-08-31 09:30:39,101.460,1507.000
2022-08-31 09:30:40,101.460,1532.000
2022-08-31 09:30:40,101.460,1542.000
2022-08-31 09:30:41,101.460,1600.000
2022-08-31 09:30:41,101.455,1629.000
2022-08-31 09:30:42,101.455,1661.000
2022-08-31 09:30:42,101.450,1668.000
2022-08-31 09:30:43,101.450,1713.000
2022-08-31 09:30:43,101.450,1745.000
2022-08-31 09:30:44,101.450,1747.000
2022-08-31 09:30:45,101.450,1750.000
2022-08-31 09:30:45,101.445,1752.000
2022-08-31 09:30:45,101.440,1792.000
2022-08-31 09:30:46,101.445,1801.000
2022-08-31 09:30:46,101.440,1826.000
2022-08-31 09:30:47,101.440,1839.000
2022-08-31 09:30:48,101.440,1846.000
2022-08-31 09:30:48,101.440,1874.000
2022-08-31 09:30:48,101.440,1874.000
2022-08-31 09:30:49,101.440,1925.000
2022-08-31 09:30:49,101.440,1925.000
2022-08-31 09:30:50,101.440,1956.000
2022-08-31 09:30:50,101.435,1981.000
2022-08-31 09:30:51,101.435,1988.000
2022-08-31 09:30:51,101.435,1992.000
2022-08-31 09:30:52,101.435,1995.000
2022-08-31 09:30:53,101.430,2027.000
2022-08-31 09:30:53,101.430,2039.000
2022-08-31 09:30:53,101.435,2063.000
2022-08-31 09:30:54,101.435,2063.000
2022-08-31 09:30:54,101.430,2070.000
2022-08-31 09:30:55,101.430,2105.000
2022-08-31 09:30:56,101.435,2130.000
2022-08-31 09:30:56,101.435,2132.000
2022-08-31 09:30:56,101.435,2133.000
2022-08-31 09:30:57,101.440,2166.000
2022-08-31 09:30:57,101.440,2168.000
2022-08-31 09:30:58,101.445,2169.000
2022-08-31 09:30:59,101.440,2170.000
2022-08-31 09:30:59,101.440,2170.000
2022-08-31 09:31:00,101.445,2188.000
2022-08-31 09:31:01,101.440,2194.000
2022-08-31 09:31:01,101.440,2241.000
2022-08-31 09:31:01,101.445,2249.000
2022-08-31 09:31:02,101.445,2253.000
2022-08-31 09:31:02,101.445,2253.000
2022-08-31 09:31:03,101.445,2254.000
2022-08-31 09:31:04,101.445,2256.000
2022-08-31 09:31:04,101.445,2260.000
2022-08-31 09:31:04,101.440,2265.000
2022-08-31 09:31:05,101.440,2265.000
2022-08-31 09:31:05,101.445,2267.000
2022-08-31 09:31:06,101.445,2297.000
2022-08-31 09:31:07,101.445,2307.000
2022-08-31 09:31:07,101.445,2307.000
2022-08-31 09:31:08,101.445,2309.000
2022-08-31 09:31:08,101.445,2309.000
2022-08-31 09:31:09,101.445,2309.000
2022-08-31 09:31:10,101.450,2314.000
2022-08-31 09:31:10,101.445,2315.000
2022-08-31 09:31:12,101.445,2315.000
2022-08-31 09:31:12,101.450,2399.000
2022-08-31 09:31:12,101.450,2403.000
2022-08-31 09:31:13,101.450,2403.000
2022-08-31 09:31:13,101.450,2403.000
2022-08-31 09:31:14,101.455,2404.000
2022-08-31 09:31:14,101.455,2425.000
2022-08-31 09:31:15,101.455,2433.000
2022-08-31 09:31:15,101.455,2441.000
2022-08-31 09:31:16,101.455,2455.000
2022-08-31 09:31:16,101.455,2455.000
2022-08-31 09:31:17,101.455,2455.000
2022-08-31 09:31:17,101.460,2456.000
2022-08-31 09:31:18,101.460,2457.000
2022-08-31 09:31:18,101.460,2497.000
2022-08-31 09:31:19,101.460,2498.000
2022-08-31 09:31:20,101.460,2498.000
2022-08-31 09:31:20,101.465,2499.000
2022-08-31 09:31:20,101.465,2530.000
2022-08-31 09:31:21,101.470,2532.000
2022-08-31 09:31:21,101.465,2546.000
2022-08-31 09:31:22,101.465,2560.000
2022-08-31 09:31:22,101.475,2564.000
2022-08-31 09:31:23,101.475,2568.000
2022-08-31 09:31:23,101.470,2575.000
2022-08-31 09:31:24,101.470,2577.000
2022-08-31 09:31:24,101.470,2577.000
2022-08-31 09:31:25,101.475,2586.000
2022-08-31 09:31:25,101.475,2586.000
2022-08-31 09:31:26,101.475,2592.000
2022-08-31 09:31:26,101.475,2597.000
2022-08-31 09:31:27,101.475,2601.000
2022-08-31 09:31:28,101.475,2601.000
2022-08-31 09:31:28,101.475,2601.000
2022-08-31 09:31:28,101.475,2608.000
2022-08-31 09:31:29,101.480,2647.000
2022-08-31 09:31:29,101.475,2661.000
2022-08-31 09:31:30,101.475,2661.000
2022-08-31 09:31:31,101.475,2662.000
2022-08-31 09:31:31,101.480,2665.000
2022-08-31 09:31:32,101.480,2665.000
2022-08-31 09:31:32,101.475,2666.000
2022-08-31 09:31:33,101.475,2666.000
2022-08-31 09:31:33,101.480,2687.000
2022-08-31 09:31:34,101.480,2687.000
2022-08-31 09:31:34,101.475,2692.000
2022-08-31 09:31:35,101.475,2692.000
2022-08-31 09:31:36,101.475,2692.000
2022-08-31 09:31:36,101.480,2693.000
2022-08-31 09:31:36,101.475,2694.000
2022-08-31 09:31:37,101.480,2698.000
2022-08-31 09:31:37,101.480,2698.000
2022-08-31 09:31:38,101.480,2718.000
2022-08-31 09:31:39,101.480,2721.000
2022-08-31 09:31:39,101.480,2721.000
2022-08-31 09:31:39,101.480,2729.000
2022-08-31 09:31:40,101.480,2729.000
2022-08-31 09:31:40,101.480,2739.000
2022-08-31 09:31:41,101.480,2739.000
2022-08-31 09:31:41,101.480,2743.000
2022-08-31 09:31:42,101.475,2746.000
2022-08-31 09:31:42,101.475,2755.000
2022-08-31 09:31:43,101.480,2759.000
2022-08-31 09:31:44,101.475,2774.000
2022-08-31 09:31:44,101.475,2774.000
2022-08-31 09:31:44,101.475,2811.000
2022-08-31 09:31:45,101.475,2817.000
2022-08-31 09:31:45,101.475,2820.000
2022-08-31 09:31:46,101.475,2822.000
2022-08-31 09:31:47,101.475,2822.000
2022-08-31 09:31:47,101.475,2822.000
2022-08-31 09:31:47,101.480,2852.000
2022-08-31 09:31:48,101.485,2859.000
2022-08-31 09:31:48,101.485,2870.000
2022-08-31 09:31:49,101.485,2881.000
2022-08-31 09:31:49,101.485,2885.000
2022-08-31 09:31:50,101.480,2886.000
2022-08-31 09:31:50,101.480,2887.000
2022-08-31 09:31:51,101.480,2887.000
2022-08-31 09:31:51,101.480,2887.000
2022-08-31 09:31:52,101.480,2887.000
2022-08-31 09:31:52,101.480,2887.000
2022-08-31 09:31:53,101.480,2888.000
2022-08-31 09:31:53,101.480,2892.000
2022-08-31 09:31:54,101.480,2892.000
2022-08-31 09:31:55,101.480,3016.000
2022-08-31 09:31:55,101.475,3019.000
2022-08-31 09:31:55,101.475,3019.000
2022-08-31 09:31:56,101.475,3019.000
2022-08-31 09:31:56,101.480,3039.000
2022-08-31 09:31:57,101.480,3040.000
2022-08-31 09:31:57,101.480,3044.000
2022-08-31 09:31:58,101.480,3044.000
2022-08-31 09:31:58,101.480,3044.000
2022-08-31 09:31:59,101.480,3044.000
2022-08-31 09:32:00,101.480,3044.000
2022-08-31 09:32:00,101.485,3046.000
2022-08-31 09:32:01,101.480,3048.000
2022-08-31 09:32:01,101.480,3048.000
2022-08-31 09:32:03,101.480,3049.000
2022-08-31 09:32:03,101.480,3049.000
2022-08-31 09:32:03,101.480,3049.000
2022-08-31 09:32:04,101.480,3051.000
2022-08-31 09:32:05,101.480,3051.000
2022-08-31 09:32:06,101.480,3052.000
2022-08-31 09:32:06,101.485,3094.000
2022-08-31 09:32:07,101.485,3098.000
2022-08-31 09:32:07,101.485,3098.000
2022-08-31 09:32:08,101.490,3136.000
2022-08-31 09:32:08,101.495,3139.000
2022-08-31 09:32:09,101.495,3139.000
2022-08-31 09:32:09,101.495,3139.000
2022-08-31 09:32:10,101.495,3139.000
2022-08-31 09:32:11,101.495,3139.000
2022-08-31 09:32:11,101.495,3139.000
2022-08-31 09:32:12,101.495,3145.000
2022-08-31 09:32:12,101.495,3146.000
2022-08-31 09:32:14,101.495,3146.000
2022-08-31 09:32:14,101.495,3149.000
2022-08-31 09:32:15,101.495,3169.000
2022-08-31 09:32:15,101.495,3184.000
2022-08-31 09:32:16,101.495,3194.000
2022-08-31 09:32:16,101.495,3196.000
2022-08-31 09:32:17,101.495,3196.000
2022-08-31 09:32:17,101.495,3196.000
2022-08-31 09:32:18,101.490,3211.000
2022-08-31 09:32:19,101.490,3237.000
2022-08-31 09:32:19,101.490,3253.000
2022-08-31 09:32:19,101.490,3257.000
2022-08-31 09:32:20,101.490,3267.000
2022-08-31 09:32:21,101.490,3269.000
2022-08-31 09:32:22,101.490,3278.000
2022-08-31 09:32:22,101.490,3287.000
2022-08-31 09:32:23,101.490,3288.000
2022-08-31 09:32:23,101.490,3288.000
2022-08-31 09:32:24,101.490,3288.000
2022-08-31 09:32:24,101.490,3289.000
2022-08-31 09:32:25,101.490,3289.000
2022-08-31 09:32:25,101.485,3299.000
2022-08-31 09:32:26,101.490,3300.000
2022-08-31 09:32:26,101.490,3300.000
2022-08-31 09:32:27,101.490,3301.000
2022-08-31 09:32:28,101.490,3366.000
2022-08-31 09:32:28,101.485,3422.000
2022-08-31 09:32:29,101.480,3458.000
2022-08-31 09:32:30,101.480,3473.000
2022-08-31 09:32:30,101.480,3483.000
2022-08-31 09:32:30,101.480,3483.000
2022-08-31 09:32:31,101.480,3484.000
2022-08-31 09:32:31,101.480,3491.000
2022-08-31 09:32:32,101.480,3500.000
2022-08-31 09:32:32,101.480,3500.000
2022-08-31 09:32:33,101.480,3500.000
2022-08-31 09:32:33,101.480,3508.000
2022-08-31 09:32:34,101.480,3508.000
2022-08-31 09:32:35,101.480,3517.000
2022-08-31 09:32:36,101.480,3518.000
2022-08-31 09:32:36,101.475,3521.000
2022-08-31 09:32:37,101.475,3522.000
2022-08-31 09:32:38,101.475,3529.000
2022-08-31 09:32:38,101.480,3584.000
2022-08-31 09:32:38,101.480,3584.000
2022-08-31 09:32:39,101.480,3585.000
2022-08-31 09:32:39,101.480,3585.000
2022-08-31 09:32:40,101.480,3586.000
2022-08-31 09:32:40,101.480,3586.000
2022-08-31 09:32:41,101.480,3586.000
2022-08-31 09:32:41,101.480,3586.000
2022-08-31 09:32:43,101.480,3587.000
2022-08-31 09:32:44,101.480,3588.000
2022-08-31 09:32:44,101.480,3591.000
2022-08-31 09:32:45,101.480,3592.000
2022-08-31 09:32:46,101.485,3595.000
2022-08-31 09:32:46,101.480,3597.000
2022-08-31 09:32:46,101.480,3598.000
2022-08-31 09:32:47,101.480,3598.000
2022-08-31 09:32:49,101.480,3599.000
2022-08-31 09:32:49,101.480,3599.000
2022-08-31 09:32:50,101.480,3601.000
2022-08-31 09:32:50,101.480,3601.000
2022-08-31 09:32:51,101.480,3602.000
2022-08-31 09:32:54,101.480,3602.000
2022-08-31 09:32:54,101.480,3602.000
2022-08-31 09:32:54,101.485,3640.000
2022-08-31 09:32:55,101.485,3640.000
2022-08-31 09:32:55,101.485,3640.000
2022-08-31 09:32:56,101.490,3671.000
2022-08-31 09:32:57,101.490,3673.000
2022-08-31 09:32:57,101.490,3687.000
2022-08-31 09:32:58,101.490,3687.000
2022-08-31 09:32:58,101.490,3688.000
2022-08-31 09:32:59,101.490,3688.000
2022-08-31 09:33:02,101.490,3688.000
2022-08-31 09:33:02,101.485,3693.000
2022-08-31 09:33:02,101.485,3693.000
2022-08-31 09:33:03,101.485,3694.000
2022-08-31 09:33:03,101.485,3694.000
2022-08-31 09:33:04,101.490,3698.000
2022-08-31 09:33:05,101.490,3699.000
2022-08-31 09:33:06,101.485,3700.000
2022-08-31 09:33:06,101.485,3701.000
2022-08-31 09:33:09,101.485,3701.000
2022-08-31 09:33:09,101.485,3702.000
2022-08-31 09:33:10,101.485,3703.000
2022-08-31 09:33:10,101.485,3703.000
2022-08-31 09:33:11,101.490,3706.000
2022-08-31 09:33:13,101.490,3706.000
2022-08-31 09:33:13,101.490,3706.000
2022-08-31 09:33:14,101.485,3716.000
2022-08-31 09:33:14,101.485,3716.000
2022-08-31 09:33:15,101.485,3716.000
2022-08-31 09:33:15,101.485,3716.000
2022-08-31 09:33:17,101.485,3716.000
2022-08-31 09:33:23,101.485,3716.000
2022-08-31 09:33:23,101.490,3717.000
2022-08-31 09:33:24,101.490,3717.000
2022-08-31 09:33:25,101.485,3718.000
2022-08-31 09:33:26,101.485,3718.000
2022-08-31 09:33:27,101.485,3718.000
2022-08-31 09:33:27,101.485,3719.000
2022-08-31 09:33:29,101.485,3719.000
2022-08-31 09:33:31,101.485,3720.000
2022-08-31 09:33:32,101.485,3721.000
2022-08-31 09:33:32,101.485,3721.000
2022-08-31 09:33:37,101.485,3721.000
2022-08-31 09:33:37,101.485,3726.000
2022-08-31 09:33:38,101.480,3777.000
2022-08-31 09:33:38,101.485,3778.000
2022-08-31 09:33:39,101.485,3778.000
2022-08-31 09:33:40,101.485,3778.000
2022-08-31 09:33:40,101.480,3779.000
2022-08-31 09:33:40,101.480,3779.000
2022-08-31 09:33:41,101.480,3779.000
2022-08-31 09:33:41,101.480,3781.000
2022-08-31 09:33:42,101.480,3781.000
2022-08-31 09:33:42,101.480,3782.000
2022-08-31 09:33:43,101.485,3852.000
2022-08-31 09:33:43,101.485,3874.000
2022-08-31 09:33:44,101.485,3875.000
2022-08-31 09:33:45,101.485,3875.000
2022-08-31 09:33:45,101.485,3875.000
2022-08-31 09:33:45,101.485,3908.000
2022-08-31 09:33:46,101.485,3910.000
2022-08-31 09:33:46,101.485,3910.000
2022-08-31 09:33:47,101.485,3910.000
2022-08-31 09:33:48,101.485,3910.000
2022-08-31 09:33:48,101.485,3910.000
2022-08-31 09:33:49,101.485,3910.000
2022-08-31 09:33:51,101.485,3911.000
2022-08-31 09:33:52,101.485,3921.000
2022-08-31 09:33:53,101.485,3921.000
2022-08-31 09:33:54,101.485,3922.000
2022-08-31 09:33:57,101.485,3972.000
2022-08-31 09:33:57,101.485,3972.000
2022-08-31 09:33:58,101.485,3976.000
2022-08-31 09:33:58,101.485,3976.000
2022-08-31 09:33:59,101.485,3996.000
2022-08-31 09:33:59,101.485,4007.000
2022-08-31 09:34:00,101.485,4013.000
2022-08-31 09:34:00,101.485,4013.000
2022-08-31 09:34:01,101.485,4013.000
2022-08-31 09:34:01,101.485,4013.000
2022-08-31 09:34:02,101.485,4013.000
2022-08-31 09:34:04,101.480,4014.000
2022-08-31 09:34:04,101.480,4014.000
2022-08-31 09:34:05,101.485,4019.000
2022-08-31 09:34:07,101.480,4020.000
2022-08-31 09:34:08,101.480,4020.000
2022-08-31 09:34:09,101.480,4020.000
2022-08-31 09:34:09,101.480,4020.000
2022-08-31 09:34:10,101.480,4020.000
2022-08-31 09:34:11,101.480,4020.000
2022-08-31 09:34:12,101.480,4020.000
2022-08-31 09:34:20,101.480,4020.000
2022-08-31 09:34:20,101.480,4021.000
2022-08-31 09:34:21,101.480,4022.000
2022-08-31 09:34:23,101.485,4023.000
2022-08-31 09:34:23,101.485,4023.000
2022-08-31 09:34:24,101.480,4038.000
2022-08-31 09:34:24,101.480,4038.000
2022-08-31 09:34:25,101.480,4038.000
2022-08-31 09:34:25,101.480,4038.000
2022-08-31 09:34:28,101.480,4039.000
2022-08-31 09:34:28,101.480,4039.000
2022-08-31 09:34:29,101.480,4039.000
2022-08-31 09:34:30,101.480,4039.000
2022-08-31 09:34:31,101.480,4040.000
2022-08-31 09:34:39,101.480,4040.000
2022-08-31 09:34:40,101.480,4041.000
2022-08-31 09:34:42,101.480,4041.000
2022-08-31 09:34:42,101.480,4042.000
2022-08-31 09:34:43,101.485,4073.000
2022-08-31 09:34:43,101.485,4074.000
2022-08-31 09:34:44,101.490,4171.000
2022-08-31 09:34:44,101.490,4174.000
2022-08-31 09:34:45,101.495,4175.000
2022-08-31 09:34:45,101.490,4185.000
2022-08-31 09:34:46,101.490,4186.000
2022-08-31 09:34:47,101.495,4187.000
2022-08-31 09:34:47,101.495,4187.000
2022-08-31 09:34:47,101.495,4187.000
2022-08-31 09:34:48,101.495,4187.000
2022-08-31 09:34:49,101.495,4187.000
2022-08-31 09:34:50,101.495,4187.000
2022-08-31 09:34:50,101.495,4188.000
2022-08-31 09:34:51,101.495,4188.000
2022-08-31 09:34:51,101.490,4189.000
2022-08-31 09:34:52,101.495,4190.000
2022-08-31 09:34:52,101.495,4192.000
2022-08-31 09:34:55,101.495,4192.000
2022-08-31 09:34:55,101.495,4246.000
2022-08-31 09:34:56,101.495,4256.000
2022-08-31 09:34:56,101.495,4257.000
2022-08-31 09:34:57,101.495,4257.000
2022-08-31 09:34:58,101.495,4257.000
2022-08-31 09:34:58,101.495,4257.000
2022-08-31 09:34:58,101.495,4258.000
2022-08-31 09:35:00,101.495,4260.000
2022-08-31 09:35:00,101.495,4263.000
2022-08-31 09:35:01,101.495,4264.000
2022-08-31 09:35:01,101.495,4264.000
2022-08-31 09:35:02,101.495,4264.000
2022-08-31 09:35:03,101.495,4264.000
2022-08-31 09:35:05,101.495,4265.000
2022-08-31 09:35:06,101.495,4265.000
2022-08-31 09:35:07,101.495,4294.000
2022-08-31 09:35:07,101.495,4312.000
2022-08-31 09:35:08,101.495,4312.000
2022-08-31 09:35:08,101.495,4316.000
2022-08-31 09:35:09,101.495,4316.000
2022-08-31 09:35:09,101.495,4320.000
2022-08-31 09:35:10,101.495,4320.000
2022-08-31 09:35:10,101.495,4320.000
2022-08-31 09:35:11,101.495,4321.000
2022-08-31 09:35:12,101.495,4321.000
2022-08-31 09:35:12,101.495,4323.000
2022-08-31 09:35:13,101.495,4324.000
2022-08-31 09:35:14,101.495,4324.000
2022-08-31 09:35:15,101.495,4325.000
2022-08-31 09:35:16,101.495,4326.000
2022-08-31 09:35:22,101.495,4327.000
2022-08-31 09:35:23,101.495,4327.000
2022-08-31 09:35:23,101.495,4328.000
2022-08-31 09:35:25,101.500,4355.000
2022-08-31 09:35:25,101.490,4362.000
2022-08-31 09:35:25,101.490,4362.000
2022-08-31 09:35:26,101.490,4363.000
2022-08-31 09:35:26,101.490,4363.000
2022-08-31 09:35:27,101.490,4363.000
2022-08-31 09:35:28,101.490,4364.000
2022-08-31 09:35:28,101.490,4364.000
2022-08-31 09:35:29,101.490,4364.000
2022-08-31 09:35:30,101.490,4365.000
2022-08-31 09:35:30,101.490,4365.000
2022-08-31 09:35:30,101.490,4365.000
2022-08-31 09:35:31,101.490,4366.000
2022-08-31 09:35:31,101.490,4366.000
2022-08-31 09:35:33,101.490,4366.000
2022-08-31 09:35:33,101.490,4366.000
2022-08-31 09:35:33,101.490,4367.000
2022-08-31 09:35:34,101.490,4401.000
2022-08-31 09:35:35,101.490,4410.000
2022-08-31 09:35:35,101.490,4410.000
2022-08-31 09:35:36,101.490,4410.000
2022-08-31 09:35:36,101.490,4420.000
2022-08-31 09:35:37,101.490,4423.000
2022-08-31 09:35:39,101.485,4424.000
2022-08-31 09:35:40,101.490,4460.000
2022-08-31 09:35:41,101.490,4462.000
2022-08-31 09:35:41,101.490,4462.000
2022-08-31 09:35:41,101.490,4462.000
2022-08-31 09:35:42,101.490,4463.000
2022-08-31 09:35:43,101.495,4465.000
2022-08-31 09:35:43,101.495,4465.000
2022-08-31 09:35:44,101.495,4465.000
2022-08-31 09:35:44,101.490,4467.000
2022-08-31 09:35:45,101.490,4467.000
2022-08-31 09:35:46,101.490,4468.000
2022-08-31 09:35:47,101.490,4468.000
2022-08-31 09:35:47,101.490,4486.000
2022-08-31 09:35:48,101.490,4486.000
2022-08-31 09:35:49,101.490,4486.000
2022-08-31 09:35:49,101.490,4486.000
2022-08-31 09:35:49,101.490,4486.000
2022-08-31 09:35:50,101.490,4486.000
2022-08-31 09:35:51,101.485,4487.000
2022-08-31 09:35:51,101.490,4492.000
2022-08-31 09:35:52,101.490,4492.000
2022-08-31 09:35:52,101.490,4492.000
2022-08-31 09:35:53,101.490,4492.000
2022-08-31 09:35:53,101.495,4528.000
2022-08-31 09:35:54,101.495,4528.000
2022-08-31 09:35:54,101.495,4528.000
2022-08-31 09:35:55,101.495,4528.000
2022-08-31 09:35:55,101.495,4529.000
2022-08-31 09:35:57,101.495,4529.000
2022-08-31 09:35:59,101.495,4530.000
2022-08-31 09:36:00,101.500,4531.000
2022-08-31 09:36:01,101.495,4532.000
2022-08-31 09:36:03,101.500,4533.000
2022-08-31 09:36:03,101.500,4534.000
2022-08-31 09:36:04,101.495,4535.000
2022-08-31 09:36:06,101.495,4535.000
2022-08-31 09:36:06,101.495,4536.000
2022-08-31 09:36:09,101.495,4536.000
2022-08-31 09:36:09,101.495,4537.000
2022-08-31 09:36:10,101.495,4538.000
2022-08-31 09:36:10,101.495,4538.000
2022-08-31 09:36:13,101.495,4539.000
2022-08-31 09:36:13,101.495,4539.000
2022-08-31 09:36:14,101.500,4542.000
2022-08-31 09:36:14,101.500,4639.000
2022-08-31 09:36:15,101.500,4654.000
2022-08-31 09:36:16,101.505,4694.000
2022-08-31 09:36:16,101.505,4719.000
2022-08-31 09:36:16,101.505,4720.000
2022-08-31 09:36:17,101.505,4720.000
2022-08-31 09:36:18,101.500,4721.000
2022-08-31 09:36:18,101.500,4721.000
2022-08-31 09:36:19,101.500,4721.000
2022-08-31 09:36:19,101.505,4729.000
2022-08-31 09:36:20,101.505,4730.000
2022-08-31 09:36:21,101.505,4730.000
2022-08-31 09:36:22,101.505,4730.000
2022-08-31 09:36:23,101.505,4730.000
2022-08-31 09:36:24,101.505,4740.000
2022-08-31 09:36:24,101.505,4758.000
2022-08-31 09:36:24,101.505,4759.000
2022-08-31 09:36:25,101.505,4759.000
2022-08-31 09:36:25,101.505,4759.000
2022-08-31 09:36:26,101.505,4759.000
2022-08-31 09:36:27,101.505,4759.000
2022-08-31 09:36:27,101.505,4760.000
2022-08-31 09:36:28,101.505,4760.000
2022-08-31 09:36:29,101.505,4761.000
2022-08-31 09:36:29,101.505,4761.000
2022-08-31 09:36:30,101.505,4761.000
2022-08-31 09:36:30,101.505,4763.000
2022-08-31 09:36:31,101.505,4765.000
2022-08-31 09:36:32,101.510,4766.000
2022-08-31 09:36:32,101.510,4793.000
2022-08-31 09:36:32,101.510,4794.000
2022-08-31 09:36:33,101.505,4795.000
2022-08-31 09:36:34,101.510,4800.000
2022-08-31 09:36:34,101.510,4800.000
2022-08-31 09:36:35,101.510,4800.000
2022-08-31 09:36:36,101.510,4803.000
2022-08-31 09:36:37,101.505,4804.000
2022-08-31 09:36:39,101.505,4804.000
2022-08-31 09:36:40,101.505,4804.000
2022-08-31 09:36:40,101.505,4850.000
2022-08-31 09:36:40,101.510,4861.000
2022-08-31 09:36:41,101.510,4867.000
2022-08-31 09:36:41,101.510,4867.000
2022-08-31 09:36:42,101.510,4899.000
2022-08-31 09:36:42,101.505,4905.000
2022-08-31 09:36:43,101.505,4905.000
2022-08-31 09:36:43,101.510,4907.000
2022-08-31 09:36:44,101.510,4910.000
2022-08-31 09:36:44,101.510,4910.000
2022-08-31 09:36:45,101.510,4923.000
2022-08-31 09:36:45,101.510,4930.000
2022-08-31 09:36:46,101.510,4937.000
2022-08-31 09:36:46,101.510,4947.000
2022-08-31 09:36:47,101.505,4968.000
2022-08-31 09:36:48,101.505,4968.000
2022-08-31 09:36:48,101.510,4977.000
2022-08-31 09:36:48,101.510,4978.000
2022-08-31 09:36:49,101.510,4978.000
2022-08-31 09:36:49,101.510,4978.000
2022-08-31 09:36:50,101.510,4978.000
2022-08-31 09:36:51,101.515,4979.000
2022-08-31 09:36:51,101.510,4984.000
2022-08-31 09:36:51,101.510,4984.000
2022-08-31 09:36:52,101.510,4986.000
2022-08-31 09:36:52,101.510,4986.000
2022-08-31 09:36:53,101.510,4986.000
2022-08-31 09:36:54,101.515,4987.000
2022-08-31 09:36:56,101.515,4988.000
2022-08-31 09:36:56,101.515,4993.000
2022-08-31 09:36:56,101.515,4993.000
2022-08-31 09:36:57,101.510,5047.000
2022-08-31 09:36:57,101.510,5047.000
2022-08-31 09:36:58,101.510,5047.000
2022-08-31 09:36:59,101.510,5047.000
2022-08-31 09:36:59,101.515,5087.000
2022-08-31 09:36:59,101.515,5100.000
2022-08-31 09:37:00,101.515,5107.000
2022-08-31 09:37:00,101.515,5112.000
2022-08-31 09:37:01,101.520,5114.000
2022-08-31 09:37:01,101.520,5118.000
2022-08-31 09:37:02,101.515,5122.000
2022-08-31 09:37:02,101.520,5123.000
2022-08-31 09:37:03,101.515,5126.000
2022-08-31 09:37:03,101.520,5127.000
2022-08-31 09:37:04,101.515,5128.000
2022-08-31 09:37:04,101.515,5143.000
2022-08-31 09:37:05,101.515,5150.000
2022-08-31 09:37:05,101.515,5155.000
2022-08-31 09:37:06,101.515,5155.000
2022-08-31 09:37:07,101.515,5155.000
2022-08-31 09:37:07,101.515,5157.000
2022-08-31 09:37:07,101.515,5162.000
2022-08-31 09:37:08,101.515,5162.000
2022-08-31 09:37:08,101.515,5165.000
2022-08-31 09:37:09,101.515,5165.000
2022-08-31 09:37:09,101.515,5165.000
2022-08-31 09:37:10,101.515,5165.000
2022-08-31 09:37:10,101.515,5166.000
2022-08-31 09:37:11,101.515,5166.000
2022-08-31 09:37:11,101.515,5177.000
2022-08-31 09:37:12,101.515,5177.000
2022-08-31 09:37:12,101.515,5177.000
2022-08-31 09:37:13,101.510,5178.000
2022-08-31 09:37:13,101.515,5183.000
2022-08-31 09:37:14,101.515,5183.000
2022-08-31 09:37:15,101.515,5184.000
2022-08-31 09:37:15,101.515,5186.000
2022-08-31 09:37:17,101.515,5186.000
2022-08-31 09:37:17,101.510,5187.000
2022-08-31 09:37:18,101.510,5187.000
2022-08-31 09:37:18,101.510,5188.000
2022-08-31 09:37:19,101.515,5210.000
2022-08-31 09:37:19,101.510,5211.000
2022-08-31 09:37:20,101.510,5211.000
2022-08-31 09:37:20,101.510,5211.000
2022-08-31 09:37:21,101.515,5212.000
2022-08-31 09:37:21,101.515,5212.000
2022-08-31 09:37:22,101.515,5212.000
2022-08-31 09:37:23,101.515,5212.000
2022-08-31 09:37:23,101.510,5234.000
2022-08-31 09:37:23,101.515,5235.000
2022-08-31 09:37:24,101.515,5235.000
2022-08-31 09:37:24,101.510,5236.000
2022-08-31 09:37:25,101.510,5236.000
2022-08-31 09:37:26,101.515,5239.000
2022-08-31 09:37:26,101.515,5241.000
2022-08-31 09:37:27,101.515,5241.000
2022-08-31 09:37:27,101.510,5242.000
2022-08-31 09:37:29,101.510,5242.000
2022-08-31 09:37:30,101.510,5242.000
2022-08-31 09:37:31,101.515,5251.000
2022-08-31 09:37:31,101.515,5251.000
2022-08-31 09:37:32,101.515,5251.000
2022-08-31 09:37:32,101.510,5252.000
2022-08-31 09:37:33,101.515,5263.000
2022-08-31 09:37:34,101.510,5264.000
2022-08-31 09:37:35,101.510,5265.000
2022-08-31 09:37:35,101.510,5266.000
2022-08-31 09:37:36,101.515,5267.000
2022-08-31 09:37:36,101.515,5267.000
2022-08-31 09:37:37,101.510,5268.000
2022-08-31 09:37:39,101.510,5269.000
2022-08-31 09:37:39,101.510,5270.000
2022-08-31 09:37:40,101.510,5271.000
2022-08-31 09:37:40,101.510,5271.000
2022-08-31 09:37:41,101.515,5272.000
2022-08-31 09:37:42,101.515,5272.000
2022-08-31 09:37:42,101.515,5272.000
2022-08-31 09:37:42,101.515,5293.000
2022-08-31 09:37:43,101.515,5295.000
2022-08-31 09:37:43,101.515,5295.000
2022-08-31 09:37:44,101.515,5295.000
2022-08-31 09:37:45,101.515,5295.000
2022-08-31 09:37:45,101.515,5311.000
2022-08-31 09:37:46,101.515,5326.000
2022-08-31 09:37:46,101.515,5328.000
2022-08-31 09:37:47,101.515,5328.000
2022-08-31 09:37:47,101.515,5329.000
2022-08-31 09:37:48,101.515,5329.000
2022-08-31 09:37:48,101.515,5329.000
2022-08-31 09:37:49,101.510,5345.000
2022-08-31 09:37:50,101.510,5345.000
2022-08-31 09:37:50,101.510,5345.000
2022-08-31 09:37:50,101.510,5345.000
2022-08-31 09:37:51,101.515,5357.000
2022-08-31 09:37:51,101.515,5359.000
2022-08-31 09:37:52,101.515,5359.000
2022-08-31 09:37:52,101.515,5359.000
2022-08-31 09:37:53,101.520,5360.000
2022-08-31 09:37:55,101.520,5362.000
2022-08-31 09:37:55,101.515,5365.000
2022-08-31 09:37:56,101.520,5366.000
2022-08-31 09:37:58,101.515,5368.000
2022-08-31 09:37:58,101.520,5388.000
2022-08-31 09:37:59,101.520,5388.000
2022-08-31 09:37:59,101.520,5388.000
2022-08-31 09:38:00,101.520,5388.000
2022-08-31 09:38:00,101.515,5389.000
2022-08-31 09:38:01,101.520,5390.000
2022-08-31 09:38:01,101.515,5391.000
2022-08-31 09:38:02,101.520,5397.000
2022-08-31 09:38:02,101.520,5397.000
2022-08-31 09:38:03,101.520,5398.000
2022-08-31 09:38:03,101.515,5399.000
2022-08-31 09:38:06,101.515,5400.000
2022-08-31 09:38:06,101.520,5401.000
2022-08-31 09:38:07,101.520,5401.000
2022-08-31 09:38:08,101.520,5403.000
2022-08-31 09:38:09,101.515,5405.000
2022-08-31 09:38:09,101.520,5407.000
2022-08-31 09:38:10,101.515,5408.000
2022-08-31 09:38:10,101.520,5409.000
2022-08-31 09:38:11,101.520,5410.000
2022-08-31 09:38:13,101.520,5416.000
2022-08-31 09:38:15,101.515,5417.000
2022-08-31 09:38:16,101.520,5418.000
2022-08-31 09:38:17,101.520,5457.000
2022-08-31 09:38:17,101.520,5468.000
2022-08-31 09:38:17,101.520,5544.000
2022-08-31 09:38:18,101.520,5544.000
2022-08-31 09:38:18,101.520,5546.000
2022-08-31 09:38:19,101.520,5547.000
2022-08-31 09:38:20,101.520,5547.000
2022-08-31 09:38:21,101.525,5549.000
2022-08-31 09:38:22,101.525,5549.000
2022-08-31 09:38:22,101.520,5550.000
2022-08-31 09:38:23,101.525,5553.000
2022-08-31 09:38:23,101.525,5553.000
2022-08-31 09:38:24,101.525,5553.000
2022-08-31 09:38:25,101.525,5553.000
2022-08-31 09:38:26,101.525,5554.000
2022-08-31 09:38:26,101.525,5555.000
2022-08-31 09:38:27,101.525,5556.000
2022-08-31 09:38:27,101.525,5556.000
2022-08-31 09:38:28,101.520,5557.000
2022-08-31 09:38:28,101.520,5557.000
2022-08-31 09:38:29,101.520,5558.000
2022-08-31 09:38:29,101.520,5568.000
2022-08-31 09:38:30,101.520,5569.000
2022-08-31 09:38:31,101.525,5571.000
2022-08-31 09:38:33,101.525,5572.000
2022-08-31 09:38:33,101.525,5572.000
2022-08-31 09:38:34,101.525,5576.000
2022-08-31 09:38:34,101.525,5576.000
2022-08-31 09:38:35,101.525,5577.000
2022-08-31 09:38:35,101.525,5577.000
2022-08-31 09:38:36,101.525,5578.000
2022-08-31 09:38:39,101.525,5579.000
2022-08-31 09:38:40,101.525,5579.000
2022-08-31 09:38:41,101.525,5580.000
2022-08-31 09:38:41,101.525,5581.000
2022-08-31 09:38:42,101.520,5582.000
2022-08-31 09:38:44,101.520,5582.000
2022-08-31 09:38:45,101.520,5582.000
2022-08-31 09:38:45,101.520,5583.000
2022-08-31 09:38:46,101.525,5584.000
2022-08-31 09:38:46,101.525,5584.000
2022-08-31 09:38:47,101.525,5625.000
2022-08-31 09:38:47,101.530,5687.000
2022-08-31 09:38:48,101.530,5697.000
2022-08-31 09:38:49,101.530,5701.000
2022-08-31 09:38:49,101.525,5711.000
2022-08-31 09:38:49,101.530,5712.000
2022-08-31 09:38:50,101.530,5712.000
2022-08-31 09:38:50,101.530,5712.000
2022-08-31 09:38:51,101.530,5719.000
2022-08-31 09:38:52,101.525,5721.000
2022-08-31 09:38:52,101.525,5722.000
2022-08-31 09:38:52,101.525,5722.000
2022-08-31 09:38:53,101.530,5726.000
2022-08-31 09:38:53,101.525,5759.000
2022-08-31 09:38:54,101.520,5761.000
2022-08-31 09:38:54,101.525,5783.000
2022-08-31 09:38:55,101.525,5783.000
2022-08-31 09:38:55,101.525,5783.000
2022-08-31 09:38:56,101.530,5785.000
2022-08-31 09:38:57,101.530,5785.000
2022-08-31 09:38:57,101.530,5787.000
2022-08-31 09:38:58,101.530,5790.000
2022-08-31 09:38:58,101.525,5791.000
2022-08-31 09:38:59,101.525,5806.000
2022-08-31 09:39:00,101.530,5808.000
2022-08-31 09:39:00,101.530,5808.000
2022-08-31 09:39:00,101.530,5809.000
2022-08-31 09:39:01,101.530,5809.000
2022-08-31 09:39:01,101.530,5810.000
2022-08-31 09:39:02,101.530,5811.000
2022-08-31 09:39:03,101.530,5811.000
2022-08-31 09:39:03,101.525,5852.000
2022-08-31 09:39:04,101.525,5861.000
2022-08-31 09:39:04,101.525,5862.000
2022-08-31 09:39:05,101.525,5862.000
2022-08-31 09:39:05,101.520,5863.000
2022-08-31 09:39:06,101.520,5863.000
2022-08-31 09:39:07,101.525,5873.000
2022-08-31 09:39:08,101.525,5873.000
2022-08-31 09:39:08,101.525,5873.000
2022-08-31 09:39:09,101.525,5875.000
2022-08-31 09:39:09,101.520,5885.000
2022-08-31 09:39:10,101.520,5885.000
2022-08-31 09:39:10,101.525,5898.000
2022-08-31 09:39:11,101.520,5930.000
2022-08-31 09:39:11,101.515,5931.000
2022-08-31 09:39:12,101.515,5931.000
2022-08-31 09:39:12,101.515,5931.000
2022-08-31 09:39:13,101.515,5931.000
2022-08-31 09:39:13,101.515,5931.000
2022-08-31 09:39:15,101.515,5933.000
2022-08-31 09:39:16,101.515,5933.000
2022-08-31 09:39:16,101.515,5935.000
2022-08-31 09:39:16,101.515,5951.000
2022-08-31 09:39:17,101.515,5952.000
2022-08-31 09:39:17,101.515,5974.000
2022-08-31 09:39:18,101.515,5977.000
2022-08-31 09:39:18,101.515,5980.000
2022-08-31 09:39:19,101.515,5982.000
2022-08-31 09:39:20,101.515,5982.000
2022-08-31 09:39:20,101.515,5982.000
2022-08-31 09:39:21,101.515,5982.000
2022-08-31 09:39:23,101.515,5996.000
2022-08-31 09:39:24,101.515,6011.000
2022-08-31 09:39:24,101.515,6011.000
2022-08-31 09:39:24,101.515,6011.000
2022-08-31 09:39:25,101.510,6022.000
2022-08-31 09:39:25,101.520,6037.000
2022-08-31 09:39:26,101.515,6038.000
2022-08-31 09:39:27,101.515,6042.000
2022-08-31 09:39:27,101.520,6043.000
2022-08-31 09:39:28,101.520,6043.000
2022-08-31 09:39:29,101.520,6045.000
2022-08-31 09:39:30,101.520,6045.000
2022-08-31 09:39:30,101.520,6045.000
2022-08-31 09:39:31,101.515,6069.000
2022-08-31 09:39:32,101.515,6081.000
2022-08-31 09:39:32,101.515,6082.000
2022-08-31 09:39:32,101.520,6091.000
2022-08-31 09:39:33,101.520,6091.000
2022-08-31 09:39:33,101.520,6092.000
2022-08-31 09:39:36,101.520,6092.000
2022-08-31 09:39:37,101.515,6093.000
2022-08-31 09:39:38,101.515,6093.000
2022-08-31 09:39:38,101.515,6094.000
2022-08-31 09:39:39,101.515,6094.000
2022-08-31 09:39:40,101.515,6096.000
2022-08-31 09:39:40,101.520,6097.000
2022-08-31 09:39:41,101.520,6097.000
2022-08-31 09:39:41,101.520,6097.000
2022-08-31 09:39:43,101.520,6097.000
2022-08-31 09:39:43,101.520,6097.000
2022-08-31 09:39:43,101.520,6097.000
2022-08-31 09:39:44,101.515,6098.000
2022-08-31 09:39:44,101.515,6099.000
2022-08-31 09:39:45,101.515,6100.000
2022-08-31 09:39:46,101.520,6104.000
2022-08-31 09:39:47,101.520,6104.000
2022-08-31 09:39:47,101.520,6104.000
2022-08-31 09:39:48,101.515,6105.000
2022-08-31 09:39:49,101.515,6106.000
2022-08-31 09:39:49,101.515,6106.000
2022-08-31 09:39:52,101.515,6146.000
2022-08-31 09:39:53,101.515,6146.000
2022-08-31 09:39:53,101.515,6162.000
2022-08-31 09:39:54,101.520,6164.000
2022-08-31 09:39:54,101.520,6167.000
2022-08-31 09:39:55,101.520,6167.000
2022-08-31 09:39:55,101.520,6167.000
2022-08-31 09:39:56,101.520,6167.000
2022-08-31 09:39:57,101.520,6167.000
2022-08-31 09:39:57,101.515,6169.000
2022-08-31 09:39:58,101.515,6169.000
2022-08-31 09:39:59,101.515,6170.000
2022-08-31 09:40:00,101.515,6174.000
2022-08-31 09:40:01,101.515,6175.000
2022-08-31 09:40:01,101.515,6176.000
2022-08-31 09:40:02,101.515,6176.000
2022-08-31 09:40:03,101.515,6176.000
2022-08-31 09:40:04,101.515,6176.000
2022-08-31 09:40:04,101.515,6178.000
2022-08-31 09:40:05,101.515,6178.000
2022-08-31 09:40:05,101.515,6178.000
2022-08-31 09:40:07,101.520,6188.000
2022-08-31 09:40:07,101.520,6188.000
2022-08-31 09:40:08,101.520,6188.000
2022-08-31 09:40:08,101.520,6241.000
2022-08-31 09:40:09,101.520,6272.000
2022-08-31 09:40:10,101.525,6282.000
2022-08-31 09:40:10,101.515,6304.000
2022-08-31 09:40:10,101.515,6307.000
2022-08-31 09:40:11,101.515,6307.000
2022-08-31 09:40:11,101.515,6307.000
2022-08-31 09:40:12,101.515,6307.000
2022-08-31 09:40:12,101.515,6307.000
2022-08-31 09:40:13,101.515,6338.000
2022-08-31 09:40:13,101.515,6352.000
2022-08-31 09:40:14,101.515,6360.000
2022-08-31 09:40:15,101.515,6362.000
2022-08-31 09:40:15,101.515,6362.000
2022-08-31 09:40:15,101.515,6363.000
2022-08-31 09:40:17,101.515,6363.000
2022-08-31 09:40:18,101.515,6363.000
2022-08-31 09:40:18,101.515,6363.000
2022-08-31 09:40:19,101.515,6363.000
2022-08-31 09:40:19,101.515,6363.000
2022-08-31 09:40:20,101.510,6365.000
2022-08-31 09:40:21,101.510,6367.000
2022-08-31 09:40:21,101.510,6368.000
2022-08-31 09:40:22,101.510,6400.000
2022-08-31 09:40:22,101.510,6401.000
2022-08-31 09:40:23,101.510,6416.000
2022-08-31 09:40:23,101.510,6428.000
2022-08-31 09:40:24,101.510,6431.000
2022-08-31 09:40:24,101.510,6436.000
2022-08-31 09:40:25,101.510,6441.000
2022-08-31 09:40:26,101.510,6441.000
2022-08-31 09:40:26,101.510,6442.000
2022-08-31 09:40:26,101.510,6442.000
2022-08-31 09:40:27,101.510,6473.000
2022-08-31 09:40:27,101.510,6475.000
2022-08-31 09:40:28,101.510,6475.000
2022-08-31 09:40:28,101.510,6476.000
2022-08-31 09:40:29,101.510,6479.000
2022-08-31 09:40:29,101.510,6482.000
2022-08-31 09:40:30,101.510,6488.000
2022-08-31 09:40:30,101.510,6492.000
2022-08-31 09:40:31,101.510,6492.000
2022-08-31 09:40:31,101.510,6492.000
2022-08-31 09:40:32,101.510,6494.000
2022-08-31 09:40:32,101.505,6495.000
2022-08-31 09:40:33,101.510,6524.000
2022-08-31 09:40:34,101.505,6527.000
2022-08-31 09:40:34,101.505,6527.000
2022-08-31 09:40:34,101.505,6527.000
2022-08-31 09:40:35,101.505,6527.000
2022-08-31 09:40:37,101.505,6527.000
2022-08-31 09:40:38,101.505,6527.000
2022-08-31 09:40:38,101.505,6527.000
2022-08-31 09:40:39,101.505,6528.000
2022-08-31 09:40:41,101.505,6528.000
2022-08-31 09:40:42,101.510,6529.000
2022-08-31 09:40:42,101.510,6529.000
2022-08-31 09:40:43,101.505,6530.000
2022-08-31 09:40:44,101.510,6532.000
2022-08-31 09:40:45,101.505,6533.000
2022-08-31 09:40:45,101.505,6533.000
2022-08-31 09:40:45,101.510,6536.000
2022-08-31 09:40:46,101.510,6536.000
2022-08-31 09:40:47,101.510,6536.000
2022-08-31 09:40:48,101.505,6537.000
2022-08-31 09:40:48,101.505,6537.000
2022-08-31 09:40:50,101.505,6537.000
2022-08-31 09:40:50,101.505,6538.000
2022-08-31 09:40:51,101.505,6538.000
2022-08-31 09:40:53,101.510,6548.000
2022-08-31 09:40:53,101.510,6549.000
2022-08-31 09:40:54,101.510,6549.000
2022-08-31 09:40:54,101.505,6557.000
2022-08-31 09:40:55,101.505,6560.000
2022-08-31 09:40:55,101.505,6643.000
2022-08-31 09:40:56,101.505,6643.000
2022-08-31 09:40:56,101.505,6649.000
2022-08-31 09:40:57,101.505,6658.000
2022-08-31 09:40:58,101.510,6659.000
2022-08-31 09:40:58,101.505,6660.000
2022-08-31 09:40:58,101.505,6660.000
2022-08-31 09:40:59,101.510,6698.000
2022-08-31 09:40:59,101.515,6701.000
2022-08-31 09:41:00,101.515,6701.000
2022-08-31 09:41:01,101.515,6701.000
2022-08-31 09:41:01,101.515,6701.000
2022-08-31 09:41:01,101.515,6701.000
2022-08-31 09:41:02,101.515,6701.000
2022-08-31 09:41:02,101.515,6701.000
2022-08-31 09:41:03,101.510,6702.000
2022-08-31 09:41:04,101.510,6702.000
2022-08-31 09:41:05,101.510,6702.000
2022-08-31 09:41:05,101.510,6702.000
2022-08-31 09:41:06,101.510,6704.000
2022-08-31 09:41:06,101.510,6704.000
2022-08-31 09:41:07,101.510,6704.000
2022-08-31 09:41:09,101.510,6704.000
2022-08-31 09:41:11,101.510,6705.000
2022-08-31 09:41:11,101.510,6705.000
2022-08-31 09:41:12,101.510,6705.000
2022-08-31 09:41:13,101.510,6705.000
2022-08-31 09:41:13,101.510,6705.000
2022-08-31 09:41:14,101.510,6706.000
2022-08-31 09:41:14,101.510,6706.000
2022-08-31 09:41:15,101.510,6706.000
2022-08-31 09:41:15,101.510,6720.000
2022-08-31 09:41:16,101.510,6720.000
2022-08-31 09:41:17,101.510,6720.000
2022-08-31 09:41:17,101.505,6721.000
2022-08-31 09:41:17,101.505,6721.000
2022-08-31 09:41:18,101.510,6727.000
2022-08-31 09:41:18,101.510,6728.000
2022-08-31 09:41:19,101.510,6728.000
2022-08-31 09:41:20,101.510,6728.000
2022-08-31 09:41:20,101.510,6728.000
2022-08-31 09:41:21,101.510,6728.000
2022-08-31 09:41:21,101.510,6728.000
2022-08-31 09:41:22,101.505,6729.000
2022-08-31 09:41:23,101.510,6731.000
2022-08-31 09:41:25,101.505,6732.000
2022-08-31 09:41:25,101.505,6732.000
2022-08-31 09:41:26,101.505,6732.000
2022-08-31 09:41:28,101.505,6732.000
2022-08-31 09:41:28,101.505,6734.000
2022-08-31 09:41:29,101.505,6734.000
2022-08-31 09:41:30,101.505,6734.000
2022-08-31 09:41:30,101.505,6764.000
2022-08-31 09:41:31,101.505,6829.000
2022-08-31 09:41:31,101.505,6841.000
2022-08-31 09:41:32,101.505,6841.000
2022-08-31 09:41:33,101.505,6842.000
2022-08-31 09:41:33,101.505,6842.000
2022-08-31 09:41:34,101.500,6843.000
2022-08-31 09:41:34,101.500,6843.000
2022-08-31 09:41:35,101.500,6843.000
2022-08-31 09:41:36,101.500,6843.000
2022-08-31 09:41:38,101.505,6848.000
2022-08-31 09:41:39,101.505,6849.000
2022-08-31 09:41:39,101.505,6849.000
2022-08-31 09:41:40,101.505,6849.000
2022-08-31 09:41:41,101.505,6849.000
2022-08-31 09:41:41,101.505,6850.000
2022-08-31 09:41:42,101.505,6850.000
2022-08-31 09:41:43,101.505,6851.000
2022-08-31 09:41:45,101.505,6852.000
2022-08-31 09:41:47,101.505,6852.000
2022-08-31 09:41:49,101.505,6852.000
2022-08-31 09:41:49,101.505,6852.000
2022-08-31 09:41:50,101.505,6853.000
2022-08-31 09:41:52,101.505,6853.000
2022-08-31 09:41:52,101.505,6854.000
2022-08-31 09:41:53,101.505,6854.000
2022-08-31 09:41:53,101.510,6899.000
2022-08-31 09:41:54,101.510,6899.000
2022-08-31 09:41:54,101.510,6900.000
2022-08-31 09:41:55,101.510,6900.000
2022-08-31 09:41:57,101.510,6901.000
2022-08-31 09:42:01,101.510,6902.000
2022-08-31 09:42:01,101.510,6902.000
2022-08-31 09:42:02,101.510,6902.000
2022-08-31 09:42:06,101.510,6902.000
2022-08-31 09:42:08,101.510,6902.000
2022-08-31 09:42:09,101.510,6902.000
2022-08-31 09:42:09,101.510,6903.000
2022-08-31 09:42:10,101.510,6904.000
2022-08-31 09:42:11,101.510,6904.000
2022-08-31 09:42:11,101.510,6904.000
2022-08-31 09:42:12,101.510,6905.000
2022-08-31 09:42:19,101.515,6909.000
2022-08-31 09:42:19,101.515,6909.000
2022-08-31 09:42:19,101.515,6909.000
2022-08-31 09:42:20,101.510,6910.000
2022-08-31 09:42:20,101.510,6911.000
2022-08-31 09:42:22,101.510,6913.000
2022-08-31 09:42:23,101.510,6914.000
2022-08-31 09:42:24,101.510,6914.000
2022-08-31 09:42:24,101.510,6914.000
2022-08-31 09:42:25,101.510,6929.000
2022-08-31 09:42:26,101.510,6937.000
2022-08-31 09:42:27,101.510,6937.000
2022-08-31 09:42:27,101.510,6937.000
2022-08-31 09:42:27,101.505,6939.000
2022-08-31 09:42:28,101.505,6939.000
2022-08-31 09:42:28,101.505,6939.000
2022-08-31 09:42:29,101.505,6939.000
2022-08-31 09:42:29,101.505,6939.000
2022-08-31 09:42:31,101.505,6940.000
2022-08-31 09:42:34,101.505,6941.000
2022-08-31 09:42:35,101.505,6942.000
2022-08-31 09:42:35,101.505,6942.000
2022-08-31 09:42:36,101.505,6942.000
2022-08-31 09:42:37,101.505,6942.000
2022-08-31 09:42:39,101.505,6942.000
2022-08-31 09:42:43,101.505,6943.000
2022-08-31 09:42:44,101.505,6944.000
2022-08-31 09:42:46,101.505,6945.000
2022-08-31 09:42:47,101.505,6946.000
2022-08-31 09:42:48,101.505,6946.000
2022-08-31 09:42:49,101.505,6946.000
2022-08-31 09:42:51,101.505,6947.000
2022-08-31 09:42:51,101.505,6947.000
2022-08-31 09:42:52,101.505,6947.000
2022-08-31 09:42:53,101.505,6947.000
2022-08-31 09:42:56,101.505,6948.000
2022-08-31 09:42:57,101.505,6949.000
2022-08-31 09:43:01,101.505,6950.000
2022-08-31 09:43:02,101.510,6960.000
2022-08-31 09:43:02,101.510,7008.000
2022-08-31 09:43:03,101.510,7014.000
2022-08-31 09:43:03,101.515,7106.000
2022-08-31 09:43:04,101.515,7106.000
2022-08-31 09:43:04,101.520,7114.000
2022-08-31 09:43:05,101.520,7115.000
2022-08-31 09:43:05,101.515,7118.000
2022-08-31 09:43:06,101.515,7118.000
2022-08-31 09:43:07,101.515,7119.000
2022-08-31 09:43:07,101.515,7121.000
2022-08-31 09:43:08,101.520,7122.000
2022-08-31 09:43:08,101.520,7131.000
2022-08-31 09:43:09,101.520,7173.000
2022-08-31 09:43:10,101.520,7184.000
2022-08-31 09:43:10,101.520,7184.000
2022-08-31 09:43:10,101.520,7184.000
2022-08-31 09:43:12,101.520,7184.000
2022-08-31 09:43:13,101.520,7184.000
2022-08-31 09:43:13,101.520,7184.000
2022-08-31 09:43:14,101.525,7191.000
2022-08-31 09:43:14,101.525,7191.000
2022-08-31 09:43:16,101.520,7192.000
2022-08-31 09:43:16,101.520,7222.000
2022-08-31 09:43:17,101.520,7226.000
2022-08-31 09:43:18,101.520,7248.000
2022-08-31 09:43:18,101.520,7258.000
2022-08-31 09:43:18,101.520,7287.000
2022-08-31 09:43:19,101.515,7317.000
2022-08-31 09:43:19,101.520,7335.000
2022-08-31 09:43:20,101.515,7350.000
2022-08-31 09:43:20,101.515,7350.000
2022-08-31 09:43:22,101.515,7351.000
2022-08-31 09:43:22,101.515,7351.000
2022-08-31 09:43:23,101.515,7352.000
2022-08-31 09:43:23,101.515,7352.000
2022-08-31 09:43:24,101.515,7352.000
2022-08-31 09:43:26,101.515,7352.000
2022-08-31 09:43:26,101.520,7358.000
2022-08-31 09:43:26,101.520,7394.000
2022-08-31 09:43:27,101.525,7400.000
2022-08-31 09:43:27,101.525,7401.000
2022-08-31 09:43:28,101.525,7401.000
2022-08-31 09:43:29,101.525,7402.000
2022-08-31 09:43:29,101.525,7402.000
2022-08-31 09:43:30,101.520,7404.000
2022-08-31 09:43:30,101.520,7404.000
2022-08-31 09:43:31,101.525,7408.000
2022-08-31 09:43:31,101.525,7408.000
2022-08-31 09:43:32,101.520,7418.000
2022-08-31 09:43:33,101.525,7426.000
2022-08-31 09:43:34,101.525,7426.000
2022-08-31 09:43:35,101.525,7426.000
2022-08-31 09:43:37,101.525,7426.000
2022-08-31 09:43:37,101.525,7426.000
2022-08-31 09:43:39,101.525,7426.000
2022-08-31 09:43:39,101.525,7427.000
2022-08-31 09:43:41,101.520,7429.000
2022-08-31 09:43:41,101.525,7430.000
2022-08-31 09:43:42,101.525,7430.000
2022-08-31 09:43:43,101.525,7430.000
2022-08-31 09:43:45,101.525,7430.000
2022-08-31 09:43:45,101.525,7432.000
2022-08-31 09:43:45,101.520,7433.000
2022-08-31 09:43:46,101.520,7434.000
2022-08-31 09:43:46,101.520,7434.000
2022-08-31 09:43:47,101.520,7453.000
2022-08-31 09:43:48,101.520,7458.000
2022-08-31 09:43:48,101.520,7498.000
2022-08-31 09:43:49,101.520,7508.000
2022-08-31 09:43:49,101.520,7508.000
2022-08-31 09:43:50,101.520,7508.000
2022-08-31 09:43:50,101.520,7508.000
2022-08-31 09:43:51,101.520,7510.000
2022-08-31 09:43:52,101.520,7514.000
2022-08-31 09:43:53,101.520,7514.000
2022-08-31 09:43:53,101.520,7515.000
2022-08-31 09:43:55,101.520,7515.000
2022-08-31 09:43:57,101.520,7535.000
2022-08-31 09:43:58,101.520,7546.000
2022-08-31 09:43:58,101.520,7554.000
2022-08-31 09:43:59,101.520,7554.000
2022-08-31 09:43:59,101.520,7555.000
2022-08-31 09:44:01,101.515,7556.000
2022-08-31 09:44:01,101.515,7561.000
2022-08-31 09:44:01,101.515,7566.000
2022-08-31 09:44:02,101.515,7582.000
2022-08-31 09:44:02,101.510,7589.000
2022-08-31 09:44:03,101.510,7590.000
2022-08-31 09:44:04,101.510,7591.000
2022-08-31 09:44:04,101.510,7591.000
2022-08-31 09:44:04,101.510,7596.000
2022-08-31 09:44:05,101.510,7601.000
2022-08-31 09:44:05,101.510,7601.000
2022-08-31 09:44:06,101.510,7606.000
2022-08-31 09:44:06,101.510,7612.000
2022-08-31 09:44:07,101.510,7612.000
2022-08-31 09:44:07,101.510,7617.000
2022-08-31 09:44:08,101.510,7623.000
2022-08-31 09:44:09,101.510,7623.000
2022-08-31 09:44:09,101.510,7623.000
2022-08-31 09:44:09,101.510,7623.000
2022-08-31 09:44:10,101.510,7629.000
2022-08-31 09:44:11,101.510,7629.000
2022-08-31 09:44:12,101.510,7634.000
2022-08-31 09:44:12,101.510,7634.000
2022-08-31 09:44:13,101.510,7639.000
2022-08-31 09:44:14,101.510,7645.000
2022-08-31 09:44:14,101.510,7650.000
2022-08-31 09:44:15,101.510,7650.000
2022-08-31 09:44:15,101.510,7655.000
2022-08-31 09:44:16,101.510,7655.000
2022-08-31 09:44:17,101.515,7665.000
2022-08-31 09:44:17,101.515,7665.000
2022-08-31 09:44:17,101.515,7665.000
2022-08-31 09:44:18,101.510,7666.000
2022-08-31 09:44:18,101.515,7668.000
2022-08-31 09:44:19,101.515,7668.000
2022-08-31 09:44:20,101.515,7669.000
2022-08-31 09:44:20,101.510,7674.000
2022-08-31 09:44:20,101.510,7679.000
2022-08-31 09:44:21,101.510,7679.000
2022-08-31 09:44:21,101.510,7684.000
2022-08-31 09:44:22,101.510,7684.000
2022-08-31 09:44:22,101.510,7689.000
2022-08-31 09:44:23,101.515,7690.000
2022-08-31 09:44:24,101.510,7695.000
2022-08-31 09:44:24,101.510,7695.000
2022-08-31 09:44:25,101.510,7696.000
2022-08-31 09:44:28,101.515,7700.000
2022-08-31 09:44:28,101.515,7702.000
2022-08-31 09:44:30,101.515,7702.000
2022-08-31 09:44:31,101.510,7703.000
2022-08-31 09:44:31,101.510,7703.000
2022-08-31 09:44:33,101.510,7703.000
2022-08-31 09:44:33,101.510,7704.000
2022-08-31 09:44:35,101.510,7704.000
2022-08-31 09:44:36,101.510,7706.000
2022-08-31 09:44:37,101.515,7707.000
2022-08-31 09:44:37,101.510,7708.000
2022-08-31 09:44:39,101.510,7709.000
2022-08-31 09:44:40,101.510,7709.000
2022-08-31 09:44:40,101.515,7710.000
2022-08-31 09:44:44,101.515,7710.000
2022-08-31 09:44:44,101.515,7710.000
2022-08-31 09:44:44,101.515,7710.000
2022-08-31 09:44:45,101.515,7710.000
2022-08-31 09:44:45,101.510,7711.000
2022-08-31 09:44:46,101.510,7711.000
2022-08-31 09:44:47,101.510,7735.000
2022-08-31 09:44:47,101.510,7735.000
2022-08-31 09:44:47,101.505,7745.000
2022-08-31 09:44:48,101.510,7751.000
2022-08-31 09:44:48,101.510,7756.000
2022-08-31 09:44:49,101.510,7758.000
2022-08-31 09:44:49,101.510,7758.000
2022-08-31 09:44:52,101.510,7758.000
2022-08-31 09:44:52,101.510,7758.000
2022-08-31 09:44:52,101.510,7758.000
2022-08-31 09:44:53,101.510,7758.000
2022-08-31 09:44:54,101.510,7758.000
2022-08-31 09:44:55,101.510,7759.000
2022-08-31 09:44:55,101.510,7759.000
2022-08-31 09:44:55,101.510,7759.000
2022-08-31 09:44:56,101.510,7759.000
2022-08-31 09:44:56,101.510,7759.000
2022-08-31 09:44:57,101.510,7759.000
2022-08-31 09:44:57,101.510,7760.000
2022-08-31 09:44:58,101.510,7761.000
2022-08-31 09:44:58,101.510,7762.000
2022-08-31 09:44:59,101.510,7762.000
2022-08-31 09:45:00,101.510,7762.000
2022-08-31 09:45:00,101.510,7763.000
2022-08-31 09:45:01,101.510,7786.000
2022-08-31 09:45:01,101.510,7820.000
2022-08-31 09:45:02,101.510,7820.000
2022-08-31 09:45:03,101.505,7821.000
2022-08-31 09:45:03,101.505,7831.000
2022-08-31 09:45:03,101.510,7832.000
2022-08-31 09:45:04,101.505,7841.000
2022-08-31 09:45:04,101.505,7843.000
2022-08-31 09:45:05,101.500,7926.000
2022-08-31 09:45:05,101.500,7929.000
2022-08-31 09:45:06,101.500,7929.000
2022-08-31 09:45:06,101.505,7930.000
2022-08-31 09:45:07,101.505,7942.000
2022-08-31 09:45:07,101.505,7947.000
2022-08-31 09:45:08,101.505,7949.000
2022-08-31 09:45:08,101.510,7956.000
2022-08-31 09:45:09,101.510,7956.000
2022-08-31 09:45:09,101.505,7959.000
2022-08-31 09:45:11,101.505,7959.000
2022-08-31 09:45:11,101.500,7965.000
2022-08-31 09:45:12,101.505,7972.000
2022-08-31 09:45:12,101.505,7972.000
2022-08-31 09:45:14,101.505,7972.000
2022-08-31 09:45:15,101.505,7972.000
2022-08-31 09:45:15,101.500,7973.000
2022-08-31 09:45:16,101.500,7973.000
2022-08-31 09:45:19,101.500,7974.000
2022-08-31 09:45:19,101.500,7975.000
2022-08-31 09:45:19,101.500,8037.000
2022-08-31 09:45:20,101.500,8037.000
2022-08-31 09:45:20,101.495,8038.000
2022-08-31 09:45:21,101.495,8077.000
2022-08-31 09:45:22,101.495,8083.000
2022-08-31 09:45:22,101.495,8084.000
2022-08-31 09:45:22,101.495,8084.000
2022-08-31 09:45:23,101.495,8084.000
2022-08-31 09:45:24,101.500,8085.000
2022-08-31 09:45:26,101.495,8086.000
2022-08-31 09:45:27,101.495,8086.000
2022-08-31 09:45:27,101.495,8087.000
2022-08-31 09:45:27,101.495,8087.000
2022-08-31 09:45:29,101.495,8088.000
2022-08-31 09:45:30,101.500,8089.000
2022-08-31 09:45:30,101.500,8089.000
2022-08-31 09:45:31,101.500,8089.000
2022-08-31 09:45:31,101.500,8120.000
2022-08-31 09:45:32,101.500,8121.000
2022-08-31 09:45:32,101.500,8121.000
2022-08-31 09:45:33,101.500,8121.000
2022-08-31 09:45:33,101.500,8121.000
2022-08-31 09:45:35,101.500,8121.000
2022-08-31 09:45:35,101.500,8121.000
2022-08-31 09:45:35,101.500,8121.000
2022-08-31 09:45:36,101.500,8121.000
2022-08-31 09:45:37,101.500,8121.000
2022-08-31 09:45:38,101.500,8124.000
2022-08-31 09:45:38,101.500,8124.000
2022-08-31 09:45:38,101.500,8124.000
2022-08-31 09:45:39,101.500,8124.000
2022-08-31 09:45:40,101.500,8125.000
2022-08-31 09:45:40,101.500,8125.000
2022-08-31 09:45:41,101.500,8125.000
2022-08-31 09:45:41,101.505,8143.000
2022-08-31 09:45:42,101.505,8148.000
2022-08-31 09:45:42,101.505,8148.000
2022-08-31 09:45:43,101.500,8149.000
2022-08-31 09:45:43,101.500,8149.000
2022-08-31 09:45:44,101.500,8149.000
2022-08-31 09:45:46,101.500,8149.000
2022-08-31 09:45:46,101.500,8149.000
2022-08-31 09:45:46,101.500,8149.000
2022-08-31 09:45:49,101.500,8150.000
2022-08-31 09:45:49,101.500,8150.000
2022-08-31 09:45:54,101.500,8150.000
2022-08-31 09:45:54,101.500,8151.000
2022-08-31 09:45:56,101.500,8151.000
2022-08-31 09:45:57,101.500,8151.000
2022-08-31 09:45:57,101.505,8152.000
2022-08-31 09:45:58,101.505,8152.000
2022-08-31 09:45:58,101.505,8152.000
2022-08-31 09:46:01,101.505,8152.000
2022-08-31 09:46:02,101.505,8152.000
2022-08-31 09:46:02,101.505,8152.000
2022-08-31 09:46:03,101.505,8152.000
2022-08-31 09:46:04,101.505,8152.000
2022-08-31 09:46:05,101.505,8152.000
2022-08-31 09:46:05,101.500,8153.000
2022-08-31 09:46:05,101.505,8158.000
2022-08-31 09:46:06,101.505,8162.000
2022-08-31 09:46:06,101.505,8167.000
2022-08-31 09:46:07,101.505,8174.000
2022-08-31 09:46:07,101.505,8184.000
2022-08-31 09:46:08,101.505,8189.000
2022-08-31 09:46:08,101.510,8194.000
2022-08-31 09:46:09,101.510,8194.000
2022-08-31 09:46:10,101.510,8195.000
2022-08-31 09:46:11,101.510,8195.000
2022-08-31 09:46:13,101.505,8196.000
2022-08-31 09:46:15,101.505,8196.000
2022-08-31 09:46:16,101.505,8197.000
2022-08-31 09:46:17,101.505,8197.000
2022-08-31 09:46:18,101.505,8197.000
2022-08-31 09:46:20,101.505,8197.000
2022-08-31 09:46:25,101.505,8197.000
2022-08-31 09:46:25,101.505,8197.000
2022-08-31 09:46:26,101.505,8197.000
2022-08-31 09:46:27,101.505,8199.000
2022-08-31 09:46:27,101.505,8199.000
2022-08-31 09:46:30,101.505,8199.000
2022-08-31 09:46:34,101.505,8199.000
2022-08-31 09:46:34,101.505,8199.000
2022-08-31 09:46:35,101.505,8200.000
2022-08-31 09:46:37,101.505,8200.000
2022-08-31 09:46:38,101.505,8200.000
2022-08-31 09:46:38,101.505,8201.000
2022-08-31 09:46:39,101.505,8201.000
2022-08-31 09:46:40,101.505,8202.000
2022-08-31 09:46:42,101.505,8202.000
2022-08-31 09:46:44,101.505,8203.000
2022-08-31 09:46:47,101.505,8203.000
2022-08-31 09:46:49,101.505,8204.000
2022-08-31 09:46:49,101.505,8205.000
2022-08-31 09:46:55,101.510,8214.000
2022-08-31 09:46:56,101.510,8214.000
2022-08-31 09:46:56,101.510,8214.000
2022-08-31 09:46:58,101.505,8264.000
2022-08-31 09:46:58,101.505,8265.000
2022-08-31 09:46:59,101.505,8266.000
2022-08-31 09:46:59,101.505,8266.000
2022-08-31 09:47:00,101.505,8266.000
2022-08-31 09:47:00,101.505,8267.000
2022-08-31 09:47:01,101.505,8272.000
2022-08-31 09:47:02,101.505,8282.000
2022-08-31 09:47:03,101.505,8289.000
2022-08-31 09:47:04,101.505,8289.000
2022-08-31 09:47:04,101.505,8293.000
2022-08-31 09:47:04,101.505,8293.000
2022-08-31 09:47:05,101.505,8294.000
2022-08-31 09:47:05,101.505,8318.000
2022-08-31 09:47:06,101.505,8319.000
2022-08-31 09:47:06,101.505,8319.000
2022-08-31 09:47:07,101.505,8319.000
2022-08-31 09:47:07,101.510,8320.000
2022-08-31 09:47:08,101.510,8320.000
2022-08-31 09:47:08,101.510,8320.000
2022-08-31 09:47:10,101.510,8320.000
2022-08-31 09:47:12,101.505,8321.000
2022-08-31 09:47:13,101.510,8323.000
2022-08-31 09:47:14,101.510,8323.000
2022-08-31 09:47:14,101.510,8323.000
2022-08-31 09:47:19,101.510,8323.000
2022-08-31 09:47:20,101.510,8323.000
2022-08-31 09:47:21,101.505,8325.000
2022-08-31 09:47:23,101.505,8326.000
2022-08-31 09:47:28,101.505,8326.000
2022-08-31 09:47:29,101.505,8326.000
2022-08-31 09:47:33,101.500,8357.000
2022-08-31 09:47:34,101.505,8364.000
2022-08-31 09:47:34,101.500,8433.000
2022-08-31 09:47:35,101.500,8433.000
2022-08-31 09:47:36,101.500,8435.000
2022-08-31 09:47:36,101.500,8435.000
2022-08-31 09:47:36,101.500,8435.000
2022-08-31 09:47:37,101.500,8435.000
2022-08-31 09:47:38,101.500,8435.000
2022-08-31 09:47:39,101.500,8435.000
2022-08-31 09:47:39,101.500,8435.000
2022-08-31 09:47:40,101.500,8435.000
2022-08-31 09:47:40,101.495,8436.000
2022-08-31 09:47:41,101.495,8466.000
2022-08-31 09:47:42,101.495,8470.000
2022-08-31 09:47:42,101.495,8572.000
2022-08-31 09:47:43,101.495,8572.000
2022-08-31 09:47:43,101.495,8572.000
2022-08-31 09:47:44,101.495,8572.000
2022-08-31 09:47:44,101.490,8573.000
2022-08-31 09:47:45,101.490,8574.000
2022-08-31 09:47:45,101.490,8574.000
2022-08-31 09:47:46,101.490,8574.000
2022-08-31 09:47:47,101.490,8574.000
2022-08-31 09:47:49,101.490,8604.000
2022-08-31 09:47:49,101.490,8615.000
2022-08-31 09:47:50,101.490,8631.000
2022-08-31 09:47:50,101.485,8632.000
2022-08-31 09:47:51,101.490,8642.000
2022-08-31 09:47:51,101.490,8651.000
2022-08-31 09:47:52,101.490,8653.000
2022-08-31 09:47:52,101.490,8653.000
2022-08-31 09:47:53,101.490,8653.000
2022-08-31 09:47:54,101.490,8683.000
2022-08-31 09:47:55,101.490,8691.000
2022-08-31 09:47:55,101.490,8692.000
2022-08-31 09:47:56,101.490,8692.000
2022-08-31 09:47:56,101.490,8693.000
2022-08-31 09:47:57,101.490,8693.000
2022-08-31 09:47:58,101.490,8693.000
2022-08-31 09:47:58,101.490,8693.000
2022-08-31 09:47:59,101.490,8693.000
2022-08-31 09:48:00,101.490,8693.000
2022-08-31 09:48:00,101.495,8694.000
2022-08-31 09:48:01,101.490,8724.000
2022-08-31 09:48:02,101.490,8724.000
2022-08-31 09:48:03,101.495,8754.000
2022-08-31 09:48:03,101.495,8763.000
2022-08-31 09:48:03,101.495,8763.000
2022-08-31 09:48:04,101.495,8763.000
2022-08-31 09:48:04,101.495,8763.000
2022-08-31 09:48:06,101.495,8763.000
2022-08-31 09:48:06,101.495,8765.000
2022-08-31 09:48:07,101.495,8767.000
2022-08-31 09:48:08,101.495,8768.000
2022-08-31 09:48:09,101.495,8776.000
2022-08-31 09:48:09,101.495,8776.000
2022-08-31 09:48:10,101.495,8787.000
2022-08-31 09:48:11,101.495,8788.000
2022-08-31 09:48:11,101.495,8792.000
2022-08-31 09:48:12,101.495,8792.000
2022-08-31 09:48:12,101.495,8792.000
2022-08-31 09:48:13,101.490,8793.000
2022-08-31 09:48:14,101.490,8793.000
2022-08-31 09:48:14,101.490,8793.000
2022-08-31 09:48:14,101.490,8793.000
2022-08-31 09:48:18,101.490,8794.000
2022-08-31 09:48:21,101.490,8832.000
2022-08-31 09:48:22,101.490,8839.000
2022-08-31 09:48:22,101.490,8846.000
2022-08-31 09:48:22,101.490,8846.000
2022-08-31 09:48:23,101.490,8846.000
2022-08-31 09:48:24,101.490,8846.000
2022-08-31 09:48:24,101.490,8846.000
2022-08-31 09:48:25,101.490,8846.000
2022-08-31 09:48:26,101.490,8846.000
2022-08-31 09:48:26,101.485,8847.000
2022-08-31 09:48:27,101.485,8847.000
2022-08-31 09:48:27,101.485,8847.000
2022-08-31 09:48:28,101.485,8847.000
2022-08-31 09:48:29,101.485,8849.000
2022-08-31 09:48:30,101.485,8849.000
2022-08-31 09:48:30,101.485,8849.000
2022-08-31 09:48:30,101.485,8849.000
2022-08-31 09:48:31,101.485,8861.000
2022-08-31 09:48:31,101.485,8871.000
2022-08-31 09:48:32,101.485,8871.000
2022-08-31 09:48:32,101.490,8872.000
2022-08-31 09:48:33,101.485,8877.000
2022-08-31 09:48:35,101.485,8878.000
2022-08-31 09:48:35,101.485,8881.000
2022-08-31 09:48:36,101.485,8882.000
2022-08-31 09:48:38,101.490,8913.000
2022-08-31 09:48:38,101.490,8913.000
2022-08-31 09:48:38,101.490,8913.000
2022-08-31 09:48:39,101.490,8916.000
2022-08-31 09:48:39,101.490,8929.000
2022-08-31 09:48:40,101.490,8938.000
2022-08-31 09:48:41,101.490,8938.000
2022-08-31 09:48:41,101.490,8938.000
2022-08-31 09:48:42,101.490,8938.000
2022-08-31 09:48:42,101.490,8938.000
2022-08-31 09:48:43,101.490,8938.000
2022-08-31 09:48:43,101.490,8938.000
2022-08-31 09:48:44,101.490,8938.000
2022-08-31 09:48:44,101.490,8938.000
2022-08-31 09:48:45,101.495,8941.000
2022-08-31 09:48:46,101.495,8941.000
2022-08-31 09:48:46,101.495,8962.000
2022-08-31 09:48:46,101.495,8972.000
2022-08-31 09:48:47,101.495,8972.000
2022-08-31 09:48:47,101.495,8973.000
2022-08-31 09:48:48,101.495,8973.000
2022-08-31 09:48:49,101.495,8974.000
2022-08-31 09:48:51,101.495,8975.000
2022-08-31 09:48:52,101.495,8975.000
2022-08-31 09:48:53,101.495,8976.000
2022-08-31 09:48:54,101.495,8977.000
2022-08-31 09:48:58,101.495,8977.000
2022-08-31 09:49:00,101.495,8977.000
2022-08-31 09:49:01,101.495,8977.000
2022-08-31 09:49:02,101.495,8978.000
2022-08-31 09:49:03,101.495,8978.000
2022-08-31 09:49:09,101.495,8981.000
2022-08-31 09:49:09,101.495,9003.000
2022-08-31 09:49:10,101.495,9003.000
2022-08-31 09:49:10,101.495,9003.000
2022-08-31 09:49:11,101.495,9003.000
2022-08-31 09:49:12,101.495,9003.000
2022-08-31 09:49:13,101.495,9046.000
2022-08-31 09:49:13,101.500,9056.000
2022-08-31 09:49:14,101.500,9059.000
2022-08-31 09:49:14,101.500,9108.000
2022-08-31 09:49:15,101.505,9186.000
2022-08-31 09:49:15,101.505,9197.000
2022-08-31 09:49:16,101.505,9214.000
2022-08-31 09:49:16,101.505,9217.000
2022-08-31 09:49:17,101.500,9267.000
2022-08-31 09:49:17,101.495,9299.000
2022-08-31 09:49:18,101.495,9316.000
2022-08-31 09:49:18,101.495,9332.000
2022-08-31 09:49:19,101.495,9336.000
2022-08-31 09:49:19,101.495,9336.000
2022-08-31 09:49:20,101.495,9336.000
2022-08-31 09:49:21,101.495,9336.000
2022-08-31 09:49:21,101.495,9336.000
2022-08-31 09:49:22,101.495,9336.000
2022-08-31 09:49:22,101.495,9361.000
2022-08-31 09:49:23,101.495,9361.000
2022-08-31 09:49:24,101.495,9361.000
2022-08-31 09:49:24,101.495,9364.000
2022-08-31 09:49:24,101.495,9367.000
2022-08-31 09:49:25,101.495,9367.000
2022-08-31 09:49:27,101.495,9369.000
2022-08-31 09:49:27,101.495,9375.000
2022-08-31 09:49:28,101.495,9376.000
2022-08-31 09:49:29,101.495,9376.000
2022-08-31 09:49:29,101.500,9377.000
2022-08-31 09:49:30,101.500,9377.000
2022-08-31 09:49:30,101.500,9377.000
2022-08-31 09:49:31,101.500,9379.000
2022-08-31 09:49:32,101.500,9382.000
2022-08-31 09:49:35,101.495,9383.000
2022-08-31 09:49:36,101.495,9383.000
2022-08-31 09:49:37,101.495,9383.000
2022-08-31 09:49:37,101.495,9383.000
2022-08-31 09:49:38,101.500,9385.000
2022-08-31 09:49:38,101.500,9386.000
2022-08-31 09:49:40,101.500,9387.000
2022-08-31 09:49:40,101.500,9387.000
2022-08-31 09:49:40,101.495,9391.000
2022-08-31 09:49:41,101.500,9392.000
2022-08-31 09:49:41,101.495,9433.000
2022-08-31 09:49:42,101.495,9433.000
2022-08-31 09:49:42,101.495,9433.000
2022-08-31 09:49:43,101.495,9433.000
2022-08-31 09:49:43,101.495,9433.000
2022-08-31 09:49:44,101.495,9433.000
2022-08-31 09:49:45,101.495,9433.000
2022-08-31 09:49:45,101.495,9433.000
2022-08-31 09:49:46,101.490,9434.000
2022-08-31 09:49:47,101.490,9434.000
2022-08-31 09:49:48,101.495,9435.000
2022-08-31 09:49:48,101.495,9436.000
2022-08-31 09:49:48,101.490,9438.000
2022-08-31 09:49:50,101.495,9441.000
2022-08-31 09:49:50,101.495,9443.000
2022-08-31 09:49:51,101.495,9443.000
2022-08-31 09:49:52,101.495,9443.000
2022-08-31 09:49:53,101.495,9443.000
2022-08-31 09:49:55,101.495,9444.000
2022-08-31 09:49:56,101.495,9445.000
2022-08-31 09:49:56,101.495,9445.000
2022-08-31 09:49:57,101.490,9448.000
2022-08-31 09:49:58,101.495,9449.000
2022-08-31 09:49:59,101.490,9451.000
2022-08-31 09:50:00,101.495,9459.000
2022-08-31 09:50:00,101.495,9460.000
2022-08-31 09:50:01,101.495,9460.000
2022-08-31 09:50:02,101.495,9461.000
2022-08-31 09:50:02,101.495,9462.000
2022-08-31 09:50:03,101.495,9465.000
2022-08-31 09:50:04,101.490,9467.000
2022-08-31 09:50:04,101.495,9470.000
2022-08-31 09:50:05,101.495,9470.000
2022-08-31 09:50:05,101.495,9470.000
2022-08-31 09:50:06,101.490,9502.000
2022-08-31 09:50:07,101.495,9504.000
2022-08-31 09:50:07,101.495,9504.000
2022-08-31 09:50:07,101.495,9504.000
2022-08-31 09:50:08,101.495,9514.000
2022-08-31 09:50:08,101.490,9515.000
2022-08-31 09:50:09,101.495,9516.000
2022-08-31 09:50:09,101.495,9516.000
2022-08-31 09:50:10,101.495,9516.000
2022-08-31 09:50:10,101.495,9516.000
2022-08-31 09:50:11,101.495,9517.000
2022-08-31 09:50:12,101.495,9519.000
2022-08-31 09:50:12,101.495,9526.000
2022-08-31 09:50:12,101.495,9526.000
2022-08-31 09:50:13,101.495,9538.000
2022-08-31 09:50:13,101.495,9538.000
2022-08-31 09:50:14,101.500,9541.000
2022-08-31 09:50:15,101.500,9543.000
2022-08-31 09:50:15,101.500,9543.000
2022-08-31 09:50:15,101.495,9544.000
2022-08-31 09:50:16,101.495,9544.000
2022-08-31 09:50:16,101.495,9544.000
2022-08-31 09:50:17,101.495,9544.000
2022-08-31 09:50:18,101.495,9544.000
2022-08-31 09:50:18,101.495,9544.000
2022-08-31 09:50:19,101.500,9545.000
2022-08-31 09:50:19,101.495,9546.000
2022-08-31 09:50:21,101.500,9548.000
2022-08-31 09:50:21,101.500,9549.000
2022-08-31 09:50:23,101.500,9549.000
2022-08-31 09:50:24,101.500,9549.000
2022-08-31 09:50:24,101.500,9549.000
2022-08-31 09:50:25,101.500,9549.000
2022-08-31 09:50:26,101.500,9551.000
2022-08-31 09:50:27,101.495,9552.000
2022-08-31 09:50:28,101.500,9556.000
2022-08-31 09:50:29,101.500,9556.000
2022-08-31 09:50:29,101.500,9556.000
2022-08-31 09:50:31,101.500,9557.000
2022-08-31 09:50:31,101.495,9558.000
2022-08-31 09:50:31,101.495,9558.000
2022-08-31 09:50:32,101.495,9558.000
2022-08-31 09:50:32,101.495,9558.000
2022-08-31 09:50:33,101.500,9568.000
2022-08-31 09:50:33,101.500,9593.000
2022-08-31 09:50:34,101.500,9603.000
2022-08-31 09:50:34,101.500,9607.000
2022-08-31 09:50:35,101.505,9608.000
2022-08-31 09:50:35,101.505,9608.000
2022-08-31 09:50:36,101.505,9608.000
2022-08-31 09:50:36,101.505,9608.000
2022-08-31 09:50:37,101.505,9608.000
2022-08-31 09:50:37,101.505,9609.000
2022-08-31 09:50:38,101.505,9612.000
2022-08-31 09:50:39,101.505,9613.000
2022-08-31 09:50:39,101.505,9641.000
2022-08-31 09:50:39,101.505,9646.000
2022-08-31 09:50:40,101.505,9646.000
2022-08-31 09:50:40,101.510,9648.000
2022-08-31 09:50:42,101.510,9648.000
2022-08-31 09:50:42,101.505,9649.000
2022-08-31 09:50:42,101.510,9651.000
2022-08-31 09:50:43,101.510,9651.000
2022-08-31 09:50:44,101.510,9652.000
2022-08-31 09:50:45,101.505,9653.000
2022-08-31 09:50:45,101.505,9653.000
2022-08-31 09:50:46,101.505,9653.000
2022-08-31 09:50:47,101.505,9653.000
2022-08-31 09:50:47,101.510,9654.000
2022-08-31 09:50:48,101.510,9654.000
2022-08-31 09:50:49,101.505,9660.000
2022-08-31 09:50:50,101.510,9661.000
2022-08-31 09:50:50,101.510,9661.000
2022-08-31 09:50:50,101.505,9662.000
2022-08-31 09:50:52,101.510,9665.000
2022-08-31 09:50:52,101.510,9665.000
2022-08-31 09:50:53,101.505,9666.000
2022-08-31 09:50:53,101.505,9666.000
2022-08-31 09:50:54,101.510,9668.000
2022-08-31 09:50:55,101.510,9668.000
2022-08-31 09:50:55,101.510,9669.000
2022-08-31 09:50:55,101.510,9669.000
2022-08-31 09:50:56,101.510,9670.000
2022-08-31 09:50:56,101.510,9671.000
2022-08-31 09:50:57,101.510,9673.000
2022-08-31 09:50:58,101.505,9674.000
2022-08-31 09:50:58,101.505,9674.000
2022-08-31 09:50:59,101.510,9675.000
2022-08-31 09:51:00,101.510,9675.000
2022-08-31 09:51:01,101.510,9677.000
2022-08-31 09:51:01,101.510,9735.000
2022-08-31 09:51:02,101.510,9736.000
2022-08-31 09:51:02,101.510,9737.000
2022-08-31 09:51:03,101.515,9738.000
2022-08-31 09:51:03,101.510,9759.000
2022-08-31 09:51:04,101.515,9762.000
2022-08-31 09:51:04,101.515,9762.000
2022-08-31 09:51:05,101.515,9763.000
2022-08-31 09:51:06,101.510,9768.000
2022-08-31 09:51:06,101.515,9769.000
2022-08-31 09:51:07,101.515,9769.000
2022-08-31 09:51:07,101.515,9772.000
2022-08-31 09:51:08,101.515,9773.000
2022-08-31 09:51:08,101.515,9774.000
2022-08-31 09:51:09,101.515,9775.000
2022-08-31 09:51:09,101.515,9775.000
2022-08-31 09:51:10,101.515,9775.000
2022-08-31 09:51:10,101.515,9776.000
2022-08-31 09:51:11,101.515,9776.000
2022-08-31 09:51:12,101.515,9776.000
2022-08-31 09:51:13,101.515,9779.000
2022-08-31 09:51:14,101.515,9782.000
2022-08-31 09:51:14,101.515,9782.000
2022-08-31 09:51:14,101.515,9782.000
2022-08-31 09:51:15,101.515,9876.000
2022-08-31 09:51:15,101.515,9876.000
2022-08-31 09:51:16,101.520,9878.000
2022-08-31 09:51:16,101.520,9888.000
2022-08-31 09:51:17,101.520,9888.000
2022-08-31 09:51:17,101.515,9889.000
2022-08-31 09:51:18,101.515,9889.000
2022-08-31 09:51:18,101.515,9889.000
2022-08-31 09:51:19,101.515,9889.000
2022-08-31 09:51:19,101.520,9890.000
2022-08-31 09:51:20,101.520,9890.000
2022-08-31 09:51:22,101.520,9890.000
2022-08-31 09:51:22,101.520,9893.000
2022-08-31 09:51:22,101.520,9904.000
2022-08-31 09:51:23,101.520,9960.000
2022-08-31 09:51:23,101.520,9967.000
2022-08-31 09:51:24,101.520,9972.000
2022-08-31 09:51:25,101.520,9983.000
2022-08-31 09:51:25,101.520,9988.000
2022-08-31 09:51:25,101.520,9995.000
2022-08-31 09:51:26,101.515,10001.000
2022-08-31 09:51:26,101.520,10014.000
2022-08-31 09:51:27,101.520,10014.000
2022-08-31 09:51:27,101.520,10019.000
2022-08-31 09:51:28,101.520,10019.000
2022-08-31 09:51:28,101.520,10019.000
2022-08-31 09:51:30,101.520,10020.000
2022-08-31 09:51:30,101.520,10020.000
2022-08-31 09:51:30,101.520,10020.000
2022-08-31 09:51:31,101.520,10020.000
2022-08-31 09:51:31,101.515,10083.000
2022-08-31 09:51:32,101.515,10088.000
2022-08-31 09:51:33,101.515,10094.000
2022-08-31 09:51:33,101.515,10100.000
2022-08-31 09:51:33,101.515,10100.000
2022-08-31 09:51:34,101.515,10100.000
2022-08-31 09:51:34,101.515,10101.000
2022-08-31 09:51:35,101.515,10101.000
2022-08-31 09:51:35,101.515,10101.000
2022-08-31 09:51:36,101.515,10101.000
2022-08-31 09:51:36,101.515,10102.000
2022-08-31 09:51:37,101.515,10102.000
2022-08-31 09:51:37,101.515,10103.000
2022-08-31 09:51:38,101.515,10103.000
2022-08-31 09:51:38,101.515,10103.000
2022-08-31 09:51:39,101.515,10103.000
2022-08-31 09:51:39,101.515,10103.000
2022-08-31 09:51:40,101.520,10104.000
2022-08-31 09:51:41,101.520,10104.000
2022-08-31 09:51:41,101.515,10105.000
2022-08-31 09:51:42,101.515,10105.000
2022-08-31 09:51:42,101.515,10105.000
2022-08-31 09:51:43,101.515,10105.000
2022-08-31 09:51:44,101.515,10124.000
2022-08-31 09:51:44,101.515,10145.000
2022-08-31 09:51:45,101.515,10145.000
2022-08-31 09:51:45,101.515,10145.000
2022-08-31 09:51:46,101.515,10147.000
2022-08-31 09:51:46,101.515,10149.000
2022-08-31 09:51:47,101.515,10149.000
2022-08-31 09:51:47,101.515,10149.000
2022-08-31 09:51:49,101.515,10150.000
2022-08-31 09:51:49,101.515,10150.000
2022-08-31 09:51:49,101.515,10150.000
2022-08-31 09:51:50,101.515,10150.000
2022-08-31 09:51:53,101.515,10151.000
2022-08-31 09:51:54,101.515,10151.000
2022-08-31 09:51:55,101.515,10151.000
2022-08-31 09:51:57,101.515,10151.000
2022-08-31 09:51:57,101.515,10151.000
2022-08-31 09:51:58,101.520,10152.000
2022-08-31 09:51:58,101.520,10152.000
2022-08-31 09:51:59,101.520,10152.000
2022-08-31 09:52:00,101.515,10185.000
2022-08-31 09:52:00,101.515,10189.000
2022-08-31 09:52:00,101.515,10209.000
2022-08-31 09:52:01,101.515,10209.000
2022-08-31 09:52:01,101.515,10209.000
2022-08-31 09:52:02,101.515,10216.000
2022-08-31 09:52:02,101.515,10216.000
2022-08-31 09:52:03,101.515,10216.000
2022-08-31 09:52:04,101.515,10216.000
2022-08-31 09:52:05,101.515,10216.000
2022-08-31 09:52:05,101.515,10216.000
2022-08-31 09:52:05,101.515,10216.000
2022-08-31 09:52:06,101.515,10217.000
2022-08-31 09:52:06,101.515,10218.000
2022-08-31 09:52:08,101.515,10218.000
2022-08-31 09:52:09,101.515,10218.000
2022-08-31 09:52:09,101.515,10218.000
2022-08-31 09:52:10,101.515,10218.000
2022-08-31 09:52:10,101.510,10219.000
2022-08-31 09:52:11,101.510,10219.000
2022-08-31 09:52:13,101.510,10219.000
2022-08-31 09:52:13,101.510,10219.000
2022-08-31 09:52:15,101.510,10219.000
2022-08-31 09:52:16,101.510,10220.000
2022-08-31 09:52:19,101.510,10220.000
2022-08-31 09:52:20,101.510,10220.000
2022-08-31 09:52:21,101.510,10220.000
2022-08-31 09:52:21,101.510,10221.000
2022-08-31 09:52:23,101.515,10246.000
2022-08-31 09:52:24,101.515,10246.000
2022-08-31 09:52:24,101.515,10247.000
2022-08-31 09:52:24,101.515,10247.000
2022-08-31 09:52:25,101.515,10247.000
2022-08-31 09:52:25,101.515,10247.000
2022-08-31 09:52:26,101.515,10247.000
2022-08-31 09:52:26,101.515,10247.000
2022-08-31 09:52:27,101.515,10248.000
2022-08-31 09:52:28,101.515,10248.000
2022-08-31 09:52:29,101.515,10248.000
2022-08-31 09:52:29,101.515,10261.000
2022-08-31 09:52:30,101.515,10265.000
2022-08-31 09:52:30,101.515,10266.000
2022-08-31 09:52:31,101.515,10266.000
2022-08-31 09:52:32,101.515,10274.000
2022-08-31 09:52:32,101.515,10274.000
2022-08-31 09:52:32,101.515,10275.000
2022-08-31 09:52:33,101.520,10278.000
2022-08-31 09:52:33,101.520,10278.000
2022-08-31 09:52:34,101.520,10278.000
2022-08-31 09:52:34,101.520,10278.000
2022-08-31 09:52:35,101.520,10278.000
2022-08-31 09:52:35,101.520,10278.000
2022-08-31 09:52:36,101.520,10278.000
2022-08-31 09:52:36,101.520,10278.000
2022-08-31 09:52:37,101.520,10278.000
2022-08-31 09:52:42,101.520,10278.000
2022-08-31 09:52:43,101.515,10279.000
2022-08-31 09:52:46,101.515,10280.000
2022-08-31 09:52:47,101.520,10281.000
2022-08-31 09:52:48,101.520,10281.000
2022-08-31 09:52:48,101.520,10281.000
2022-08-31 09:52:48,101.520,10281.000
2022-08-31 09:52:49,101.520,10281.000
2022-08-31 09:52:51,101.520,10286.000
2022-08-31 09:52:51,101.520,10286.000
2022-08-31 09:52:52,101.520,10286.000
2022-08-31 09:52:54,101.515,10287.000
2022-08-31 09:52:55,101.515,10288.000
2022-08-31 09:52:57,101.515,10288.000
2022-08-31 09:52:58,101.515,10288.000
2022-08-31 09:52:59,101.515,10288.000
2022-08-31 09:52:59,101.520,10340.000
2022-08-31 09:53:00,101.520,10340.000
2022-08-31 09:53:00,101.520,10340.000
2022-08-31 09:53:01,101.520,10340.000
2022-08-31 09:53:01,101.520,10340.000
2022-08-31 09:53:02,101.525,10345.000
2022-08-31 09:53:02,101.525,10353.000
2022-08-31 09:53:03,101.525,10353.000
2022-08-31 09:53:04,101.525,10353.000
2022-08-31 09:53:04,101.525,10353.000
2022-08-31 09:53:05,101.525,10354.000
2022-08-31 09:53:05,101.525,10354.000
2022-08-31 09:53:06,101.520,10355.000
2022-08-31 09:53:07,101.520,10371.000
2022-08-31 09:53:07,101.520,10371.000
2022-08-31 09:53:08,101.520,10371.000
2022-08-31 09:53:08,101.520,10371.000
2022-08-31 09:53:09,101.520,10372.000
2022-08-31 09:53:09,101.520,10372.000
2022-08-31 09:53:10,101.520,10372.000
2022-08-31 09:53:10,101.520,10372.000
2022-08-31 09:53:12,101.520,10372.000
2022-08-31 09:53:13,101.520,10372.000
2022-08-31 09:53:13,101.520,10372.000
2022-08-31 09:53:14,101.520,10372.000
2022-08-31 09:53:15,101.520,10372.000
2022-08-31 09:53:15,101.520,10372.000
2022-08-31 09:53:17,101.520,10373.000
2022-08-31 09:53:19,101.520,10373.000
2022-08-31 09:53:19,101.520,10374.000
2022-08-31 09:53:21,101.520,10374.000
2022-08-31 09:53:22,101.520,10375.000
2022-08-31 09:53:23,101.520,10375.000
2022-08-31 09:53:23,101.520,10375.000
2022-08-31 09:53:24,101.520,10375.000
2022-08-31 09:53:26,101.520,10375.000
2022-08-31 09:53:26,101.520,10376.000
2022-08-31 09:53:28,101.520,10377.000
2022-08-31 09:53:29,101.520,10377.000
2022-08-31 09:53:29,101.520,10378.000
2022-08-31 09:53:30,101.525,10379.000
2022-08-31 09:53:31,101.525,10460.000
2022-08-31 09:53:31,101.525,10483.000
2022-08-31 09:53:31,101.525,10483.000
2022-08-31 09:53:32,101.525,10484.000
2022-08-31 09:53:33,101.525,10516.000
2022-08-31 09:53:34,101.525,10521.000
2022-08-31 09:53:34,101.525,10521.000
2022-08-31 09:53:34,101.525,10521.000
2022-08-31 09:53:35,101.520,10522.000
2022-08-31 09:53:35,101.520,10522.000
2022-08-31 09:53:36,101.520,10522.000
2022-08-31 09:53:36,101.520,10522.000
2022-08-31 09:53:37,101.520,10522.000
2022-08-31 09:53:37,101.520,10544.000
2022-08-31 09:53:38,101.520,10553.000
2022-08-31 09:53:38,101.520,10583.000
2022-08-31 09:53:39,101.520,10590.000
2022-08-31 09:53:39,101.525,10640.000
2022-08-31 09:53:40,101.525,10640.000
2022-08-31 09:53:40,101.525,10640.000
2022-08-31 09:53:41,101.525,10640.000
2022-08-31 09:53:42,101.520,10641.000
2022-08-31 09:53:42,101.520,10641.000
2022-08-31 09:53:42,101.520,10641.000
2022-08-31 09:53:43,101.520,10641.000
2022-08-31 09:53:43,101.520,10641.000
2022-08-31 09:53:44,101.520,10641.000
2022-08-31 09:53:44,101.520,10642.000
2022-08-31 09:53:45,101.520,10642.000
2022-08-31 09:53:45,101.520,10642.000
2022-08-31 09:53:46,101.520,10642.000
2022-08-31 09:53:47,101.525,10652.000
2022-08-31 09:53:48,101.525,10652.000
2022-08-31 09:53:49,101.525,10652.000
2022-08-31 09:53:50,101.520,10653.000
2022-08-31 09:53:50,101.520,10653.000
2022-08-31 09:53:51,101.520,10653.000
2022-08-31 09:53:52,101.525,10655.000
2022-08-31 09:53:53,101.525,10655.000
2022-08-31 09:53:54,101.525,10655.000
2022-08-31 09:53:54,101.525,10655.000
2022-08-31 09:53:55,101.525,10655.000
2022-08-31 09:53:55,101.520,10656.000
2022-08-31 09:53:56,101.525,10680.000
2022-08-31 09:53:56,101.525,10681.000
2022-08-31 09:53:57,101.525,10682.000
2022-08-31 09:53:58,101.525,10682.000
2022-08-31 09:53:58,101.525,10682.000
2022-08-31 09:53:58,101.530,10684.000
2022-08-31 09:53:59,101.530,10684.000
2022-08-31 09:53:59,101.530,10684.000
2022-08-31 09:54:01,101.530,10684.000
2022-08-31 09:54:01,101.530,10684.000
2022-08-31 09:54:01,101.525,10685.000
2022-08-31 09:54:02,101.525,10685.000
2022-08-31 09:54:02,101.525,10685.000
2022-08-31 09:54:04,101.525,10685.000
2022-08-31 09:54:04,101.525,10685.000
2022-08-31 09:54:05,101.530,10686.000
2022-08-31 09:54:06,101.530,10686.000
2022-08-31 09:54:07,101.530,10687.000
2022-08-31 09:54:07,101.530,10690.000
2022-08-31 09:54:08,101.530,10722.000
2022-08-31 09:54:09,101.530,10802.000
2022-08-31 09:54:09,101.535,10838.000
2022-08-31 09:54:09,101.535,10850.000
2022-08-31 09:54:10,101.535,10850.000
2022-08-31 09:54:10,101.530,10853.000
2022-08-31 09:54:11,101.530,10853.000
2022-08-31 09:54:11,101.530,10855.000
2022-08-31 09:54:12,101.530,10858.000
2022-08-31 09:54:13,101.530,10858.000
2022-08-31 09:54:14,101.530,10858.000
2022-08-31 09:54:14,101.530,10858.000
2022-08-31 09:54:14,101.530,10900.000
2022-08-31 09:54:15,101.530,10913.000
2022-08-31 09:54:15,101.530,10915.000
2022-08-31 09:54:16,101.530,10915.000
2022-08-31 09:54:17,101.530,10915.000
2022-08-31 09:54:17,101.530,10915.000
2022-08-31 09:54:18,101.530,10915.000
2022-08-31 09:54:19,101.525,10916.000
2022-08-31 09:54:19,101.525,10916.000
2022-08-31 09:54:20,101.525,10916.000
2022-08-31 09:54:20,101.530,10918.000
2022-08-31 09:54:21,101.530,10918.000
2022-08-31 09:54:21,101.530,10918.000
2022-08-31 09:54:23,101.530,10918.000
2022-08-31 09:54:23,101.525,10919.000
2022-08-31 09:54:24,101.525,10919.000
2022-08-31 09:54:25,101.525,10919.000
2022-08-31 09:54:25,101.525,10985.000
2022-08-31 09:54:25,101.525,10986.000
2022-08-31 09:54:26,101.525,10986.000
2022-08-31 09:54:27,101.525,10986.000
2022-08-31 09:54:27,101.525,10986.000
2022-08-31 09:54:28,101.525,10986.000
2022-08-31 09:54:28,101.525,10986.000
2022-08-31 09:54:29,101.525,10987.000
2022-08-31 09:54:29,101.525,10987.000
2022-08-31 09:54:30,101.525,10987.000
2022-08-31 09:54:30,101.525,10987.000
2022-08-31 09:54:33,101.525,10987.000
2022-08-31 09:54:34,101.520,10988.000
2022-08-31 09:54:35,101.520,10988.000
2022-08-31 09:54:36,101.520,10988.000
2022-08-31 09:54:36,101.520,10988.000
2022-08-31 09:54:38,101.520,10988.000
2022-08-31 09:54:39,101.520,10988.000
2022-08-31 09:54:42,101.520,10989.000
2022-08-31 09:54:43,101.520,10990.000
2022-08-31 09:54:44,101.520,10990.000
2022-08-31 09:54:45,101.520,10990.000
2022-08-31 09:54:45,101.520,10991.000
2022-08-31 09:54:47,101.520,10991.000
2022-08-31 09:54:47,101.520,10991.000
2022-08-31 09:54:49,101.520,10991.000
2022-08-31 09:54:50,101.520,10991.000
2022-08-31 09:54:50,101.520,10991.000
2022-08-31 09:54:52,101.520,10991.000
2022-08-31 09:54:52,101.520,10991.000
2022-08-31 09:54:54,101.520,10991.000
2022-08-31 09:54:54,101.520,10991.000
2022-08-31 09:54:55,101.520,10991.000
2022-08-31 09:54:55,101.520,10991.000
2022-08-31 09:54:56,101.525,11012.000
2022-08-31 09:54:56,101.530,11013.000
2022-08-31 09:54:57,101.525,11014.000
2022-08-31 09:54:57,101.525,11014.000
2022-08-31 09:54:58,101.525,11014.000
2022-08-31 09:55:00,101.525,11014.000
2022-08-31 09:55:00,101.525,11014.000
2022-08-31 09:55:00,101.525,11014.000
2022-08-31 09:55:01,101.525,11014.000
2022-08-31 09:55:02,101.525,11014.000
2022-08-31 09:55:03,101.525,11015.000
2022-08-31 09:55:04,101.525,11015.000
2022-08-31 09:55:05,101.525,11016.000
2022-08-31 09:55:05,101.525,11016.000
2022-08-31 09:55:06,101.525,11016.000
2022-08-31 09:55:06,101.525,11016.000
2022-08-31 09:55:07,101.525,11017.000
2022-08-31 09:55:08,101.525,11018.000
2022-08-31 09:55:10,101.525,11018.000
2022-08-31 09:55:11,101.525,11018.000
2022-08-31 09:55:11,101.530,11019.000
2022-08-31 09:55:12,101.530,11019.000
2022-08-31 09:55:12,101.530,11019.000
2022-08-31 09:55:15,101.525,11020.000
2022-08-31 09:55:17,101.525,11020.000
2022-08-31 09:55:19,101.525,11021.000
2022-08-31 09:55:20,101.525,11021.000
2022-08-31 09:55:22,101.525,11021.000
2022-08-31 09:55:23,101.530,11022.000
2022-08-31 09:55:24,101.525,11023.000
2022-08-31 09:55:25,101.525,11023.000
2022-08-31 09:55:25,101.525,11023.000
2022-08-31 09:55:26,101.525,11023.000
2022-08-31 09:55:27,101.530,11024.000
2022-08-31 09:55:27,101.530,11024.000
2022-08-31 09:55:28,101.525,11025.000
2022-08-31 09:55:30,101.525,11026.000
2022-08-31 09:55:32,101.525,11026.000
2022-08-31 09:55:32,101.525,11026.000
2022-08-31 09:55:33,101.525,11026.000
2022-08-31 09:55:35,101.525,11026.000
2022-08-31 09:55:35,101.525,11026.000
2022-08-31 09:55:35,101.525,11031.000
2022-08-31 09:55:36,101.530,11061.000
2022-08-31 09:55:36,101.530,11065.000
2022-08-31 09:55:37,101.530,11070.000
2022-08-31 09:55:37,101.530,11074.000
2022-08-31 09:55:38,101.530,11074.000
2022-08-31 09:55:38,101.535,11076.000
2022-08-31 09:55:39,101.535,11076.000
2022-08-31 09:55:39,101.535,11077.000
2022-08-31 09:55:40,101.535,11077.000
2022-08-31 09:55:40,101.535,11077.000
2022-08-31 09:55:41,101.530,11078.000
2022-08-31 09:55:41,101.530,11078.000
2022-08-31 09:55:42,101.530,11078.000
2022-08-31 09:55:43,101.530,11078.000
2022-08-31 09:55:43,101.530,11078.000
2022-08-31 09:55:44,101.530,11078.000
2022-08-31 09:55:46,101.530,11078.000
2022-08-31 09:55:47,101.530,11078.000
2022-08-31 09:55:48,101.530,11078.000
2022-08-31 09:55:48,101.530,11079.000
2022-08-31 09:55:49,101.530,11079.000
2022-08-31 09:55:49,101.530,11152.000
2022-08-31 09:55:50,101.530,11152.000
2022-08-31 09:55:51,101.530,11152.000
2022-08-31 09:55:51,101.530,11152.000
2022-08-31 09:55:51,101.525,11153.000
2022-08-31 09:55:52,101.525,11156.000
2022-08-31 09:55:53,101.525,11156.000
2022-08-31 09:55:54,101.525,11156.000
2022-08-31 09:55:54,101.525,11157.000
2022-08-31 09:55:55,101.525,11157.000
2022-08-31 09:55:55,101.530,11158.000
2022-08-31 09:55:56,101.530,11158.000
2022-08-31 09:55:56,101.525,11159.000
2022-08-31 09:55:57,101.525,11159.000
2022-08-31 09:55:58,101.525,11160.000
2022-08-31 09:55:59,101.530,11161.000
2022-08-31 09:56:00,101.530,11161.000
2022-08-31 09:56:00,101.530,11161.000
2022-08-31 09:56:02,101.530,11161.000
2022-08-31 09:56:02,101.530,11161.000
2022-08-31 09:56:03,101.525,11256.000
2022-08-31 09:56:03,101.525,11256.000
2022-08-31 09:56:04,101.525,11256.000
2022-08-31 09:56:04,101.525,11258.000
2022-08-31 09:56:05,101.525,11258.000
2022-08-31 09:56:05,101.525,11258.000
2022-08-31 09:56:08,101.525,11258.000
2022-08-31 09:56:09,101.525,11258.000
2022-08-31 09:56:11,101.525,11258.000
2022-08-31 09:56:11,101.525,11262.000
2022-08-31 09:56:12,101.520,11263.000
2022-08-31 09:56:13,101.520,11263.000
2022-08-31 09:56:14,101.520,11264.000
2022-08-31 09:56:15,101.520,11267.000
2022-08-31 09:56:15,101.520,11267.000
2022-08-31 09:56:17,101.520,11267.000
2022-08-31 09:56:18,101.520,11268.000
2022-08-31 09:56:19,101.520,11268.000
2022-08-31 09:56:19,101.520,11268.000
2022-08-31 09:56:20,101.520,11268.000
2022-08-31 09:56:21,101.520,11316.000
2022-08-31 09:56:22,101.520,11350.000
2022-08-31 09:56:22,101.520,11351.000
2022-08-31 09:56:23,101.520,11351.000
2022-08-31 09:56:23,101.520,11351.000
2022-08-31 09:56:24,101.520,11351.000
2022-08-31 09:56:24,101.520,11352.000
2022-08-31 09:56:25,101.520,11352.000
2022-08-31 09:56:26,101.515,11355.000
2022-08-31 09:56:26,101.515,11356.000
2022-08-31 09:56:26,101.515,11363.000
2022-08-31 09:56:27,101.515,11401.000
2022-08-31 09:56:27,101.515,11401.000
2022-08-31 09:56:28,101.515,11401.000
2022-08-31 09:56:29,101.515,11401.000
2022-08-31 09:56:29,101.515,11410.000
2022-08-31 09:56:30,101.515,11413.000
2022-08-31 09:56:30,101.515,11413.000
2022-08-31 09:56:31,101.515,11422.000
2022-08-31 09:56:31,101.515,11423.000
2022-08-31 09:56:32,101.515,11423.000
2022-08-31 09:56:32,101.515,11423.000
2022-08-31 09:56:34,101.515,11423.000
2022-08-31 09:56:34,101.515,11423.000
2022-08-31 09:56:34,101.515,11423.000
2022-08-31 09:56:35,101.515,11423.000
2022-08-31 09:56:35,101.515,11423.000
2022-08-31 09:56:37,101.510,11424.000
2022-08-31 09:56:37,101.510,11424.000
2022-08-31 09:56:38,101.510,11425.000
2022-08-31 09:56:38,101.510,11426.000
2022-08-31 09:56:39,101.510,11428.000
2022-08-31 09:56:40,101.510,11429.000
2022-08-31 09:56:41,101.510,11429.000
2022-08-31 09:56:42,101.510,11430.000
2022-08-31 09:56:42,101.510,11514.000
2022-08-31 09:56:42,101.505,11545.000
2022-08-31 09:56:43,101.505,11559.000
2022-08-31 09:56:43,101.505,11567.000
2022-08-31 09:56:44,101.505,11603.000
2022-08-31 09:56:45,101.505,11630.000
2022-08-31 09:56:45,101.505,11633.000
2022-08-31 09:56:45,101.505,11654.000
2022-08-31 09:56:46,101.505,11654.000
2022-08-31 09:56:46,101.505,11654.000
2022-08-31 09:56:47,101.505,11654.000
2022-08-31 09:56:47,101.500,11666.000
2022-08-31 09:56:48,101.505,11676.000
2022-08-31 09:56:48,101.505,11690.000
2022-08-31 09:56:49,101.505,11692.000
2022-08-31 09:56:50,101.505,11692.000
2022-08-31 09:56:50,101.505,11692.000
2022-08-31 09:56:52,101.505,11692.000
2022-08-31 09:56:53,101.505,11693.000
2022-08-31 09:56:54,101.510,11694.000
2022-08-31 09:56:55,101.510,11694.000
2022-08-31 09:56:55,101.510,11694.000
2022-08-31 09:56:56,101.510,11694.000
2022-08-31 09:56:56,101.510,11694.000
2022-08-31 09:56:58,101.510,11713.000
2022-08-31 09:56:58,101.510,11734.000
2022-08-31 09:56:59,101.510,11734.000
2022-08-31 09:57:00,101.510,11734.000
2022-08-31 09:57:01,101.510,11734.000
2022-08-31 09:57:01,101.505,11745.000
2022-08-31 09:57:01,101.505,11764.000
2022-08-31 09:57:02,101.505,11764.000
2022-08-31 09:57:02,101.505,11764.000
2022-08-31 09:57:03,101.510,11765.000
2022-08-31 09:57:03,101.505,11774.000
2022-08-31 09:57:04,101.505,11774.000
2022-08-31 09:57:04,101.505,11778.000
2022-08-31 09:57:05,101.505,11778.000
2022-08-31 09:57:05,101.505,11781.000
2022-08-31 09:57:06,101.505,11781.000
2022-08-31 09:57:07,101.505,11783.000
2022-08-31 09:57:08,101.510,11784.000
2022-08-31 09:57:09,101.510,11784.000
2022-08-31 09:57:09,101.505,11787.000
2022-08-31 09:57:10,101.505,11788.000
2022-08-31 09:57:10,101.505,11788.000
2022-08-31 09:57:11,101.505,11789.000
2022-08-31 09:57:11,101.505,11794.000
2022-08-31 09:57:12,101.505,11794.000
2022-08-31 09:57:12,101.505,11794.000
2022-08-31 09:57:14,101.505,11794.000
2022-08-31 09:57:15,101.505,11794.000
2022-08-31 09:57:16,101.510,11795.000
2022-08-31 09:57:17,101.510,11795.000
2022-08-31 09:57:17,101.510,11795.000
2022-08-31 09:57:18,101.510,11795.000
2022-08-31 09:57:20,101.510,11868.000
2022-08-31 09:57:20,101.510,11868.000
2022-08-31 09:57:20,101.510,11869.000
2022-08-31 09:57:21,101.510,11879.000
2022-08-31 09:57:21,101.510,11883.000
2022-08-31 09:57:22,101.510,11884.000
2022-08-31 09:57:22,101.510,11884.000
2022-08-31 09:57:23,101.510,11884.000
2022-08-31 09:57:24,101.505,11885.000
2022-08-31 09:57:25,101.510,11886.000
2022-08-31 09:57:25,101.510,11888.000
2022-08-31 09:57:25,101.510,11888.000
2022-08-31 09:57:27,101.510,11888.000
2022-08-31 09:57:28,101.510,11888.000
2022-08-31 09:57:28,101.510,11889.000
2022-08-31 09:57:31,101.510,11890.000
2022-08-31 09:57:32,101.505,11891.000
2022-08-31 09:57:33,101.510,11892.000
2022-08-31 09:57:33,101.510,11903.000
2022-08-31 09:57:33,101.510,11903.000
2022-08-31 09:57:34,101.510,11903.000
2022-08-31 09:57:34,101.510,11903.000
2022-08-31 09:57:35,101.510,11903.000
2022-08-31 09:57:36,101.510,11903.000
2022-08-31 09:57:36,101.515,11904.000
2022-08-31 09:57:37,101.515,11904.000
2022-08-31 09:57:38,101.515,11905.000
2022-08-31 09:57:38,101.515,11905.000
2022-08-31 09:57:40,101.515,11905.000
2022-08-31 09:57:41,101.515,11906.000
2022-08-31 09:57:42,101.515,11906.000
2022-08-31 09:57:43,101.510,11907.000
2022-08-31 09:57:44,101.510,11907.000
2022-08-31 09:57:45,101.510,11907.000
2022-08-31 09:57:46,101.510,11917.000
2022-08-31 09:57:46,101.510,11917.000
2022-08-31 09:57:47,101.510,11917.000
2022-08-31 09:57:47,101.505,11918.000
2022-08-31 09:57:48,101.510,11919.000
2022-08-31 09:57:49,101.510,11919.000
2022-08-31 09:57:49,101.510,11919.000
2022-08-31 09:57:50,101.510,11919.000
2022-08-31 09:57:52,101.510,11923.000
2022-08-31 09:57:54,101.505,11924.000
2022-08-31 09:57:56,101.505,11924.000
2022-08-31 09:58:00,101.505,11924.000
2022-08-31 09:58:00,101.510,11925.000
2022-08-31 09:58:01,101.510,11925.000
2022-08-31 09:58:02,101.510,11925.000
2022-08-31 09:58:04,101.510,11931.000
2022-08-31 09:58:05,101.505,11933.000
2022-08-31 09:58:05,101.505,11933.000
2022-08-31 09:58:06,101.505,11933.000
2022-08-31 09:58:06,101.505,11934.000
2022-08-31 09:58:08,101.505,11934.000
2022-08-31 09:58:08,101.510,11985.000
2022-08-31 09:58:09,101.510,12005.000
2022-08-31 09:58:09,101.510,12005.000
2022-08-31 09:58:10,101.510,12005.000
2022-08-31 09:58:11,101.510,12006.000
2022-08-31 09:58:11,101.510,12011.000
2022-08-31 09:58:11,101.510,12012.000
2022-08-31 09:58:12,101.510,12015.000
2022-08-31 09:58:12,101.510,12016.000
2022-08-31 09:58:13,101.510,12016.000
2022-08-31 09:58:13,101.510,12016.000
2022-08-31 09:58:15,101.510,12016.000
2022-08-31 09:58:16,101.505,12017.000
2022-08-31 09:58:17,101.505,12017.000
2022-08-31 09:58:22,101.505,12017.000
2022-08-31 09:58:23,101.505,12017.000
2022-08-31 09:58:23,101.505,12018.000
2022-08-31 09:58:24,101.505,12018.000
2022-08-31 09:58:24,101.510,12019.000
2022-08-31 09:58:25,101.510,12019.000
2022-08-31 09:58:27,101.505,12020.000
2022-08-31 09:58:28,101.505,12020.000
2022-08-31 09:58:28,101.505,12020.000
2022-08-31 09:58:29,101.505,12020.000
2022-08-31 09:58:32,101.505,12020.000
2022-08-31 09:58:33,101.510,12022.000
2022-08-31 09:58:33,101.505,12023.000
2022-08-31 09:58:36,101.510,12024.000
2022-08-31 09:58:38,101.510,12024.000
2022-08-31 09:58:38,101.505,12025.000
2022-08-31 09:58:40,101.505,12025.000
2022-08-31 09:58:42,101.510,12029.000
2022-08-31 09:58:43,101.510,12029.000
2022-08-31 09:58:48,101.510,12030.000
2022-08-31 09:58:49,101.505,12031.000
2022-08-31 09:58:50,101.505,12032.000
2022-08-31 09:58:51,101.505,12032.000
2022-08-31 09:58:56,101.505,12032.000
2022-08-31 09:58:57,101.505,12033.000
2022-08-31 09:58:59,101.510,12034.000
2022-08-31 09:59:00,101.510,12034.000
2022-08-31 09:59:00,101.505,12036.000
2022-08-31 09:59:01,101.505,12036.000
2022-08-31 09:59:02,101.505,12143.000
2022-08-31 09:59:02,101.505,12147.000
2022-08-31 09:59:02,101.505,12153.000
2022-08-31 09:59:03,101.505,12153.000
2022-08-31 09:59:03,101.505,12156.000
2022-08-31 09:59:04,101.505,12156.000
2022-08-31 09:59:04,101.505,12156.000
2022-08-31 09:59:05,101.505,12156.000
2022-08-31 09:59:05,101.505,12156.000
2022-08-31 09:59:07,101.505,12156.000
2022-08-31 09:59:07,101.505,12157.000
2022-08-31 09:59:08,101.500,12257.000
2022-08-31 09:59:08,101.500,12289.000
2022-08-31 09:59:09,101.500,12290.000
2022-08-31 09:59:10,101.495,12298.000
2022-08-31 09:59:10,101.495,12299.000
2022-08-31 09:59:10,101.495,12299.000
2022-08-31 09:59:11,101.495,12300.000
2022-08-31 09:59:12,101.495,12301.000
2022-08-31 09:59:12,101.495,12301.000
2022-08-31 09:59:16,101.495,12301.000
2022-08-31 09:59:17,101.495,12301.000
2022-08-31 09:59:18,101.500,12321.000
2022-08-31 09:59:18,101.500,12321.000
2022-08-31 09:59:18,101.500,12321.000
2022-08-31 09:59:19,101.500,12321.000
2022-08-31 09:59:19,101.500,12321.000
2022-08-31 09:59:20,101.500,12322.000
2022-08-31 09:59:21,101.500,12323.000
2022-08-31 09:59:21,101.500,12323.000
2022-08-31 09:59:22,101.500,12323.000
2022-08-31 09:59:22,101.500,12324.000
2022-08-31 09:59:24,101.500,12324.000
2022-08-31 09:59:25,101.500,12324.000
2022-08-31 09:59:26,101.500,12324.000
2022-08-31 09:59:26,101.500,12324.000
2022-08-31 09:59:27,101.500,12324.000
2022-08-31 09:59:27,101.500,12324.000
2022-08-31 09:59:30,101.500,12324.000
2022-08-31 09:59:32,101.500,12324.000
2022-08-31 09:59:32,101.500,12324.000
2022-08-31 09:59:33,101.500,12325.000
2022-08-31 09:59:35,101.500,12325.000
2022-08-31 09:59:37,101.500,12326.000
2022-08-31 09:59:40,101.500,12326.000
2022-08-31 09:59:41,101.505,12359.000
2022-08-31 09:59:41,101.505,12363.000
2022-08-31 09:59:42,101.505,12363.000
2022-08-31 09:59:42,101.505,12363.000
2022-08-31 09:59:43,101.505,12364.000
2022-08-31 09:59:43,101.505,12364.000
2022-08-31 09:59:44,101.505,12364.000
2022-08-31 09:59:45,101.505,12365.000
2022-08-31 09:59:45,101.505,12375.000
2022-08-31 09:59:46,101.505,12376.000
2022-08-31 09:59:46,101.505,12376.000
2022-08-31 09:59:47,101.505,12376.000
2022-08-31 09:59:47,101.505,12377.000
2022-08-31 09:59:49,101.505,12377.000
2022-08-31 09:59:50,101.505,12377.000
2022-08-31 09:59:50,101.505,12397.000
2022-08-31 09:59:51,101.505,12397.000
2022-08-31 09:59:51,101.505,12397.000
2022-08-31 09:59:52,101.505,12397.000
2022-08-31 09:59:53,101.505,12397.000
2022-08-31 09:59:53,101.505,12417.000
2022-08-31 09:59:53,101.500,12421.000
2022-08-31 09:59:54,101.500,12421.000
2022-08-31 09:59:54,101.500,12421.000
2022-08-31 09:59:55,101.500,12421.000
2022-08-31 09:59:56,101.500,12421.000
2022-08-31 09:59:56,101.500,12422.000
2022-08-31 09:59:56,101.500,12438.000
2022-08-31 09:59:57,101.500,12438.000
2022-08-31 09:59:57,101.500,12438.000
2022-08-31 09:59:58,101.500,12438.000
2022-08-31 09:59:58,101.500,12438.000
2022-08-31 09:59:59,101.505,12439.000
2022-08-31 09:59:59,101.505,12441.000
2022-08-31 10:00:01,101.505,12442.000
2022-08-31 10:00:01,101.510,12444.000
2022-08-31 10:00:02,101.510,12444.000
2022-08-31 10:00:02,101.510,12444.000
2022-08-31 10:00:03,101.510,12444.000
2022-08-31 10:00:04,101.510,12444.000
2022-08-31 10:00:04,101.510,12452.000
2022-08-31 10:00:05,101.510,12453.000
2022-08-31 10:00:05,101.510,12453.000
2022-08-31 10:00:06,101.510,12453.000
2022-08-31 10:00:06,101.505,12454.000
2022-08-31 10:00:07,101.505,12455.000
2022-08-31 10:00:07,101.505,12455.000
2022-08-31 10:00:08,101.505,12455.000
2022-08-31 10:00:09,101.505,12455.000
2022-08-31 10:00:10,101.505,12455.000
2022-08-31 10:00:10,101.505,12455.000
2022-08-31 10:00:11,101.505,12456.000
2022-08-31 10:00:12,101.505,12473.000
2022-08-31 10:00:12,101.505,12483.000
2022-08-31 10:00:12,101.500,12485.000
2022-08-31 10:00:13,101.500,12485.000
2022-08-31 10:00:13,101.500,12485.000
2022-08-31 10:00:14,101.500,12485.000
2022-08-31 10:00:15,101.500,12485.000
2022-08-31 10:00:15,101.500,12485.000
2022-08-31 10:00:16,101.500,12485.000
2022-08-31 10:00:18,101.500,12486.000
2022-08-31 10:00:18,101.500,12486.000
2022-08-31 10:00:19,101.505,12487.000
2022-08-31 10:00:20,101.505,12487.000
2022-08-31 10:00:21,101.505,12487.000
2022-08-31 10:00:21,101.505,12487.000
2022-08-31 10:00:22,101.505,12487.000
2022-08-31 10:00:26,101.505,12487.000
2022-08-31 10:00:29,101.500,12488.000
2022-08-31 10:00:29,101.500,12490.000
2022-08-31 10:00:30,101.500,12490.000
2022-08-31 10:00:30,101.505,12491.000
2022-08-31 10:00:32,101.505,12491.000
2022-08-31 10:00:34,101.500,12492.000
2022-08-31 10:00:36,101.500,12492.000
2022-08-31 10:00:36,101.500,12502.000
2022-08-31 10:00:36,101.500,12502.000
2022-08-31 10:00:37,101.500,12502.000
2022-08-31 10:00:39,101.500,12502.000
2022-08-31 10:00:39,101.500,12502.000
2022-08-31 10:00:40,101.500,12503.000
2022-08-31 10:00:40,101.500,12503.000
2022-08-31 10:00:41,101.500,12503.000
2022-08-31 10:00:44,101.500,12503.000
2022-08-31 10:00:45,101.505,12509.000
2022-08-31 10:00:45,101.505,12535.000
2022-08-31 10:00:46,101.505,12535.000
2022-08-31 10:00:47,101.505,12535.000
2022-08-31 10:00:47,101.505,12535.000
2022-08-31 10:00:47,101.505,12535.000
2022-08-31 10:00:49,101.505,12535.000
2022-08-31 10:00:49,101.505,12535.000
2022-08-31 10:00:50,101.505,12535.000
2022-08-31 10:00:50,101.505,12536.000
2022-08-31 10:00:51,101.505,12537.000
2022-08-31 10:00:52,101.505,12537.000
2022-08-31 10:00:52,101.505,12538.000
2022-08-31 10:00:53,101.510,12541.000
2022-08-31 10:00:53,101.510,12541.000
2022-08-31 10:00:54,101.510,12541.000
2022-08-31 10:00:55,101.510,12541.000
2022-08-31 10:00:55,101.510,12541.000
2022-08-31 10:00:56,101.510,12541.000
2022-08-31 10:00:57,101.510,12541.000
2022-08-31 10:00:57,101.510,12541.000
2022-08-31 10:00:58,101.510,12542.000
2022-08-31 10:00:59,101.510,12542.000
2022-08-31 10:00:59,101.510,12542.000
2022-08-31 10:01:00,101.510,12542.000
2022-08-31 10:01:01,101.510,12544.000
2022-08-31 10:01:02,101.505,12545.000
2022-08-31 10:01:03,101.505,12545.000
2022-08-31 10:01:05,101.510,12546.000
2022-08-31 10:01:07,101.505,12547.000
2022-08-31 10:01:09,101.505,12547.000
2022-08-31 10:01:12,101.505,12547.000
2022-08-31 10:01:14,101.505,12548.000
2022-08-31 10:01:16,101.505,12549.000
2022-08-31 10:01:17,101.505,12549.000
2022-08-31 10:01:18,101.510,12551.000
2022-08-31 10:01:19,101.510,12551.000
2022-08-31 10:01:19,101.510,12581.000
2022-08-31 10:01:19,101.510,12594.000
2022-08-31 10:01:20,101.510,12599.000
2022-08-31 10:01:20,101.510,12599.000
2022-08-31 10:01:21,101.510,12599.000
2022-08-31 10:01:22,101.510,12599.000
2022-08-31 10:01:22,101.515,12600.000
2022-08-31 10:01:22,101.510,12601.000
2022-08-31 10:01:24,101.515,12602.000
2022-08-31 10:01:24,101.510,12608.000
2022-08-31 10:01:25,101.510,12608.000
2022-08-31 10:01:25,101.515,12670.000
2022-08-31 10:01:26,101.515,12702.000
2022-08-31 10:01:27,101.515,12703.000
2022-08-31 10:01:27,101.515,12705.000
2022-08-31 10:01:27,101.515,12717.000
2022-08-31 10:01:28,101.515,12728.000
2022-08-31 10:01:28,101.510,12729.000
2022-08-31 10:01:29,101.510,12729.000
2022-08-31 10:01:30,101.510,12730.000
2022-08-31 10:01:30,101.510,12730.000
2022-08-31 10:01:30,101.510,12730.000
2022-08-31 10:01:31,101.510,12730.000
2022-08-31 10:01:33,101.515,12740.000
2022-08-31 10:01:34,101.515,12740.000
2022-08-31 10:01:35,101.515,12740.000
2022-08-31 10:01:35,101.510,12741.000
2022-08-31 10:01:36,101.515,12753.000
2022-08-31 10:01:36,101.515,12753.000
2022-08-31 10:01:37,101.515,12753.000
2022-08-31 10:01:38,101.515,12761.000
2022-08-31 10:01:38,101.515,12765.000
2022-08-31 10:01:39,101.515,12767.000
2022-08-31 10:01:39,101.515,12767.000
2022-08-31 10:01:40,101.520,12768.000
2022-08-31 10:01:40,101.520,12768.000
2022-08-31 10:01:41,101.515,12776.000
2022-08-31 10:01:42,101.515,12776.000
2022-08-31 10:01:43,101.515,12793.000
2022-08-31 10:01:43,101.515,12793.000
2022-08-31 10:01:44,101.515,12793.000
2022-08-31 10:01:45,101.515,12793.000
2022-08-31 10:01:46,101.515,12793.000
2022-08-31 10:01:46,101.515,12793.000
2022-08-31 10:01:46,101.515,12795.000
2022-08-31 10:01:47,101.515,12795.000
2022-08-31 10:01:49,101.520,12796.000
2022-08-31 10:01:51,101.520,12796.000
2022-08-31 10:01:51,101.520,12796.000
2022-08-31 10:01:52,101.520,12796.000
2022-08-31 10:01:54,101.515,12797.000
2022-08-31 10:01:54,101.515,12797.000
2022-08-31 10:01:56,101.515,12797.000
2022-08-31 10:01:57,101.515,12797.000
2022-08-31 10:01:57,101.515,12798.000
2022-08-31 10:02:02,101.515,12799.000
2022-08-31 10:02:02,101.515,12799.000
2022-08-31 10:02:03,101.515,12799.000
2022-08-31 10:02:05,101.515,12800.000
2022-08-31 10:02:05,101.515,12818.000
2022-08-31 10:02:05,101.515,12818.000
2022-08-31 10:02:06,101.515,12828.000
2022-08-31 10:02:06,101.515,12832.000
2022-08-31 10:02:07,101.515,12838.000
2022-08-31 10:02:07,101.515,12844.000
2022-08-31 10:02:08,101.515,12851.000
2022-08-31 10:02:08,101.510,12853.000
2022-08-31 10:02:09,101.510,12853.000
2022-08-31 10:02:10,101.510,12853.000
2022-08-31 10:02:10,101.510,12853.000
2022-08-31 10:02:10,101.510,12853.000
2022-08-31 10:02:17,101.510,12934.000
2022-08-31 10:02:17,101.510,12939.000
2022-08-31 10:02:18,101.510,12939.000
2022-08-31 10:02:18,101.510,12939.000
2022-08-31 10:02:20,101.505,12940.000
2022-08-31 10:02:21,101.505,12940.000
2022-08-31 10:02:21,101.505,12940.000
2022-08-31 10:02:21,101.505,12940.000
2022-08-31 10:02:22,101.505,12940.000
2022-08-31 10:02:23,101.505,12941.000
2022-08-31 10:02:24,101.505,12941.000
2022-08-31 10:02:25,101.505,12941.000
2022-08-31 10:02:25,101.505,12942.000
2022-08-31 10:02:27,101.505,12942.000
2022-08-31 10:02:31,101.505,12943.000
2022-08-31 10:02:33,101.505,12977.000
2022-08-31 10:02:34,101.505,12977.000
2022-08-31 10:02:34,101.505,12977.000
2022-08-31 10:02:35,101.505,13001.000
2022-08-31 10:02:35,101.505,13002.000
2022-08-31 10:02:36,101.505,13007.000
2022-08-31 10:02:37,101.505,13007.000
2022-08-31 10:02:37,101.505,13007.000
2022-08-31 10:02:38,101.505,13008.000
2022-08-31 10:02:40,101.505,13008.000
2022-08-31 10:02:40,101.505,13008.000
2022-08-31 10:02:41,101.505,13015.000
2022-08-31 10:02:41,101.505,13015.000
2022-08-31 10:02:42,101.500,13020.000
2022-08-31 10:02:42,101.500,13020.000
2022-08-31 10:02:44,101.500,13020.000
2022-08-31 10:02:45,101.500,13020.000
2022-08-31 10:02:48,101.500,13022.000
2022-08-31 10:02:48,101.500,13023.000
2022-08-31 10:02:49,101.500,13023.000
2022-08-31 10:02:49,101.500,13023.000
2022-08-31 10:02:50,101.500,13023.000
2022-08-31 10:02:51,101.500,13123.000
2022-08-31 10:02:51,101.500,13210.000
2022-08-31 10:02:52,101.495,13250.000
2022-08-31 10:02:52,101.495,13250.000
2022-08-31 10:02:53,101.495,13252.000
2022-08-31 10:02:53,101.495,13277.000
2022-08-31 10:02:54,101.495,13285.000
2022-08-31 10:02:54,101.495,13321.000
2022-08-31 10:02:55,101.495,13321.000
2022-08-31 10:02:56,101.495,13321.000
2022-08-31 10:02:56,101.495,13349.000
2022-08-31 10:02:56,101.495,13351.000
2022-08-31 10:02:57,101.495,13351.000
2022-08-31 10:02:57,101.495,13351.000
2022-08-31 10:02:58,101.495,13352.000
2022-08-31 10:02:58,101.495,13352.000
2022-08-31 10:02:59,101.495,13352.000
2022-08-31 10:02:59,101.495,13352.000
2022-08-31 10:03:00,101.495,13352.000
2022-08-31 10:03:00,101.495,13352.000
2022-08-31 10:03:01,101.495,13367.000
2022-08-31 10:03:01,101.490,13377.000
2022-08-31 10:03:02,101.495,13398.000
2022-08-31 10:03:02,101.495,13398.000
2022-08-31 10:03:03,101.490,13405.000
2022-08-31 10:03:04,101.490,13407.000
2022-08-31 10:03:04,101.490,13410.000
2022-08-31 10:03:04,101.495,13412.000
2022-08-31 10:03:05,101.490,13417.000
2022-08-31 10:03:05,101.490,13419.000
2022-08-31 10:03:07,101.490,13441.000
2022-08-31 10:03:09,101.490,13443.000
2022-08-31 10:03:10,101.490,13443.000
2022-08-31 10:03:11,101.490,13444.000
2022-08-31 10:03:12,101.490,13445.000
