,time,last,ask,bid,volume,amt,ask1,bid1,asize1,bsize1,ts_date,ts_lag
0,2022-10-14 09:30:00.100,101.16,101.16,101.155,70,70806200,,,10,1,2022-10-14 09:30:00.100,0
1,2022-10-14 09:30:00.600,101.15,101.155,101.15,124,125430600,,,2,9,2022-10-14 09:30:00.600,0
2,2022-10-14 09:30:01.100,101.15,101.15,101.145,137,138580100,,,3,23,2022-10-14 09:30:01.100,0
3,2022-10-14 09:30:01.600,101.15,101.155,101.145,169,170947850,,,17,4,2022-10-14 09:30:01.600,0
4,2022-10-14 09:30:02.100,101.145,101.15,101.145,175,177016600,,,6,1,2022-10-14 09:30:02.100,0
5,2022-10-14 09:30:02.600,101.145,101.15,101.145,178,180051000,,,13,10,2022-10-14 09:30:02.600,0
6,2022-10-14 09:30:03.100,101.15,101.15,101.145,196,198257500,,,13,4,2022-10-14 09:30:03.100,0
7,2022-10-14 09:30:03.600,101.145,101.15,101.145,215,217474850,,,13,1,2022-10-14 09:30:03.600,0
8,2022-10-14 09:30:04.100,101.145,101.145,101.14,218,220509200,,,4,124,2022-10-14 09:30:04.100,0
9,2022-10-14 09:30:04.600,101.145,101.145,101.14,228,230623500,,,1,110,2022-10-14 09:30:04.600,0
10,2022-10-14 09:30:05.100,101.14,101.14,101.135,357,361094100,,,5,13,2022-10-14 09:30:05.100,0
11,2022-10-14 09:30:05.600,101.14,101.14,101.13,389,393457100,,,21,26,2022-10-14 09:30:05.600,0
12,2022-10-14 09:30:06.100,101.14,101.135,101.13,394,398514100,,,4,20,2022-10-14 09:30:06.100,0
13,2022-10-14 09:30:06.600,101.13,101.135,101.13,415,419752200,,,1,15,2022-10-14 09:30:06.600,0
14,2022-10-14 09:30:07.100,101.14,101.14,101.13,440,445036250,,,12,9,2022-10-14 09:30:07.100,0
15,2022-10-14 09:30:07.600,101.14,101.14,101.135,442,447059050,,,11,5,2022-10-14 09:30:07.600,0
16,2022-10-14 09:30:08.100,101.13,101.13,101.125,469,474364450,,,15,35,2022-10-14 09:30:08.100,0
17,2022-10-14 09:30:08.600,101.13,101.135,101.125,486,491556550,,,15,22,2022-10-14 09:30:08.600,0
18,2022-10-14 09:30:09.100,101.135,101.135,101.13,497,502681400,,,6,10,2022-10-14 09:30:09.100,0
19,2022-10-14 09:30:09.600,101.135,101.135,101.13,498,503692750,,,1,19,2022-10-14 09:30:09.600,0
20,2022-10-14 09:30:10.100,101.14,101.14,101.135,508,513806200,,,19,1,2022-10-14 09:30:10.100,0
21,2022-10-14 09:30:10.600,101.135,101.14,101.135,520,525942500,,,12,1,2022-10-14 09:30:10.600,0
22,2022-10-14 09:30:11.100,101.14,101.14,101.13,538,544147200,,,6,29,2022-10-14 09:30:11.100,0
23,2022-10-14 09:30:11.600,101.135,101.14,101.13,539,545158550,,,9,18,2022-10-14 09:30:11.600,0
24,2022-10-14 09:30:12.100,101.135,101.14,101.13,544,550215450,,,6,16,2022-10-14 09:30:12.100,0
25,2022-10-14 09:30:12.600,101.135,101.135,101.13,544,550215450,,,2,16,2022-10-14 09:30:12.600,0
26,2022-10-14 09:30:13.100,101.14,101.14,101.13,556,562351950,,,19,15,2022-10-14 09:30:13.100,0
27,2022-10-14 09:30:13.600,101.135,101.14,101.13,557,563363300,,,23,15,2022-10-14 09:30:13.600,0
28,2022-10-14 09:30:14.100,101.13,101.14,101.135,562,568420150,,,24,1,2022-10-14 09:30:14.100,0
29,2022-10-14 09:30:14.600,101.13,101.135,101.13,567,573476650,,,2,22,2022-10-14 09:30:14.600,0
30,2022-10-14 09:30:15.100,101.14,101.14,101.13,584,590669750,,,18,10,2022-10-14 09:30:15.100,0
31,2022-10-14 09:30:15.600,101.13,101.135,101.13,590,596737550,,,1,10,2022-10-14 09:30:15.600,0
32,2022-10-14 09:30:16.100,101.135,101.14,101.13,597,603817200,,,25,11,2022-10-14 09:30:16.100,0
33,2022-10-14 09:30:16.600,101.135,101.135,101.13,597,603817200,,,2,12,2022-10-14 09:30:16.600,0
34,2022-10-14 09:30:17.100,101.135,101.14,101.13,603,609885250,,,36,12,2022-10-14 09:30:17.100,0
35,2022-10-14 09:30:17.600,101.13,101.14,101.13,605,611907850,,,26,12,2022-10-14 09:30:17.600,0
36,2022-10-14 09:30:18.100,101.14,101.14,101.13,615,622021500,,,13,12,2022-10-14 09:30:18.100,0
37,2022-10-14 09:30:18.600,101.135,101.14,101.135,616,623032850,,,16,4,2022-10-14 09:30:18.600,0
38,2022-10-14 09:30:19.100,101.14,101.14,101.135,635,642248300,,,15,1,2022-10-14 09:30:19.100,0
39,2022-10-14 09:30:19.600,101.135,101.135,101.13,638,645282350,,,8,30,2022-10-14 09:30:19.600,0
40,2022-10-14 09:30:20.100,101.135,101.135,101.13,645,652361800,,,4,18,2022-10-14 09:30:20.100,0
41,2022-10-14 09:30:20.600,101.13,101.13,101.125,673,680678300,,,12,50,2022-10-14 09:30:20.600,0
42,2022-10-14 09:30:21.100,101.13,101.13,101.125,685,692813900,,,2,25,2022-10-14 09:30:21.100,0
43,2022-10-14 09:30:21.600,101.135,101.135,101.13,698,705961300,,,16,11,2022-10-14 09:30:21.600,0
44,2022-10-14 09:30:22.100,101.13,101.135,101.13,703,711017950,,,4,11,2022-10-14 09:30:22.100,0
45,2022-10-14 09:30:22.600,101.135,101.14,101.135,707,715063350,,,20,3,2022-10-14 09:30:22.600,0
46,2022-10-14 09:30:23.100,101.14,101.14,101.135,722,730234200,,,1,1,2022-10-14 09:30:23.100,0
47,2022-10-14 09:30:23.600,101.135,101.14,101.135,723,731245550,,,3,12,2022-10-14 09:30:23.600,0
48,2022-10-14 09:30:24.100,101.14,101.14,101.135,737,745404550,,,11,2,2022-10-14 09:30:24.100,0
49,2022-10-14 09:30:24.600,101.135,101.14,101.135,739,747427250,,,18,1,2022-10-14 09:30:24.600,0
50,2022-10-14 09:30:25.100,101.14,101.14,101.135,744,752484200,,,17,1,2022-10-14 09:30:25.100,0
51,2022-10-14 09:30:25.600,101.135,101.135,101.13,746,754506900,,,49,31,2022-10-14 09:30:25.600,0
52,2022-10-14 09:30:26.100,101.135,101.135,101.13,750,758552200,,,50,18,2022-10-14 09:30:26.100,0
53,2022-10-14 09:30:26.600,101.135,101.135,101.13,757,765631350,,,57,11,2022-10-14 09:30:26.600,0
54,2022-10-14 09:30:27.100,101.135,101.135,101.13,760,768665350,,,61,8,2022-10-14 09:30:27.100,0
55,2022-10-14 09:30:27.600,101.13,101.13,101.125,769,777767050,,,1,57,2022-10-14 09:30:27.600,0
56,2022-10-14 09:30:28.100,101.135,101.135,101.13,773,781812300,,,75,1,2022-10-14 09:30:28.100,0
57,2022-10-14 09:30:28.600,101.13,101.13,101.125,774,782823600,,,1,47,2022-10-14 09:30:28.600,0
58,2022-10-14 09:30:29.100,101.135,101.135,101.13,783,791925700,,,76,13,2022-10-14 09:30:29.100,0
59,2022-10-14 09:30:29.600,101.13,101.135,101.13,784,792937000,,,56,15,2022-10-14 09:30:29.600,0
60,2022-10-14 09:30:30.100,101.135,101.135,101.13,786,794959700,,,55,13,2022-10-14 09:30:30.100,0
61,2022-10-14 09:30:30.600,101.135,101.135,101.13,791,800016400,,,47,14,2022-10-14 09:30:30.600,0
62,2022-10-14 09:30:31.100,101.135,101.135,101.13,796,805073150,,,33,15,2022-10-14 09:30:31.100,0
63,2022-10-14 09:30:31.600,101.13,101.14,101.13,838,847549350,,,24,31,2022-10-14 09:30:31.600,0
64,2022-10-14 09:30:32.100,101.13,101.135,101.13,873,882945050,,,2,10,2022-10-14 09:30:32.100,0
65,2022-10-14 09:30:32.600,101.13,101.13,101.125,884,894069350,,,1,61,2022-10-14 09:30:32.600,0
66,2022-10-14 09:30:33.100,101.13,101.13,101.125,889,899125850,,,7,36,2022-10-14 09:30:33.100,0
67,2022-10-14 09:30:33.600,101.125,101.13,101.125,890,900137100,,,24,40,2022-10-14 09:30:33.600,0
68,2022-10-14 09:30:34.100,101.13,101.13,101.125,892,902159700,,,28,41,2022-10-14 09:30:34.100,0
69,2022-10-14 09:30:34.600,101.125,101.13,101.125,928,938564700,,,29,5,2022-10-14 09:30:34.600,0
70,2022-10-14 09:30:35.100,101.125,101.125,101.12,934,944632200,,,7,76,2022-10-14 09:30:35.100,0
71,2022-10-14 09:30:35.600,101.125,101.13,101.125,942,952722200,,,37,8,2022-10-14 09:30:35.600,0
72,2022-10-14 09:30:36.100,101.13,101.13,101.125,950,960812300,,,25,5,2022-10-14 09:30:36.100,0
73,2022-10-14 09:30:36.600,101.125,101.13,101.125,951,961823550,,,29,13,2022-10-14 09:30:36.600,0
74,2022-10-14 09:30:37.100,101.125,101.13,101.125,957,967891050,,,29,7,2022-10-14 09:30:37.100,0
75,2022-10-14 09:30:37.600,101.12,101.13,101.12,962,972947250,,,32,70,2022-10-14 09:30:37.600,0
76,2022-10-14 09:30:38.100,101.125,101.125,101.12,964,974969750,,,9,49,2022-10-14 09:30:38.100,0
77,2022-10-14 09:30:38.600,101.125,101.125,101.12,964,974969750,,,14,45,2022-10-14 09:30:38.600,0
78,2022-10-14 09:30:39.100,101.125,101.125,101.12,964,974969750,,,15,45,2022-10-14 09:30:39.100,0
79,2022-10-14 09:30:39.600,101.12,101.125,101.12,966,976992150,,,16,46,2022-10-14 09:30:39.600,0
80,2022-10-14 09:30:40.100,101.125,101.125,101.12,973,984070900,,,12,46,2022-10-14 09:30:40.100,0
81,2022-10-14 09:30:40.600,101.12,101.125,101.12,981,992160500,,,14,39,2022-10-14 09:30:40.600,0
82,2022-10-14 09:30:41.100,101.12,101.125,101.12,981,992160500,,,24,39,2022-10-14 09:30:41.100,0
83,2022-10-14 09:30:41.600,101.12,101.12,101.115,1020,1031597300,,,2,76,2022-10-14 09:30:41.600,0
84,2022-10-14 09:30:42.100,101.12,101.125,101.12,1032,1043731700,,,39,1,2022-10-14 09:30:42.100,0
85,2022-10-14 09:30:42.600,101.12,101.125,101.12,1040,1051821300,,,29,4,2022-10-14 09:30:42.600,0
86,2022-10-14 09:30:43.100,101.12,101.125,101.12,1041,1052832500,,,29,16,2022-10-14 09:30:43.100,0
87,2022-10-14 09:30:43.600,101.12,101.125,101.12,1041,1052832500,,,19,17,2022-10-14 09:30:43.600,0
88,2022-10-14 09:30:44.100,101.12,101.12,101.115,1081,1093281400,,,28,72,2022-10-14 09:30:44.100,0
89,2022-10-14 09:30:44.600,101.125,101.125,101.12,1113,1125639850,,,27,11,2022-10-14 09:30:44.600,0
90,2022-10-14 09:30:45.100,101.12,101.12,101.115,1135,1147886250,,,1,69,2022-10-14 09:30:45.100,0
91,2022-10-14 09:30:45.600,101.12,101.12,101.115,1151,1164065450,,,8,50,2022-10-14 09:30:45.600,0
92,2022-10-14 09:30:46.100,101.12,101.12,101.115,1155,1168110250,,,15,50,2022-10-14 09:30:46.100,0
93,2022-10-14 09:30:46.600,101.12,101.12,101.115,1155,1168110250,,,18,50,2022-10-14 09:30:46.600,0
94,2022-10-14 09:30:47.100,101.12,101.12,101.115,1164,1177211050,,,7,50,2022-10-14 09:30:47.100,0
95,2022-10-14 09:30:47.600,101.12,101.125,101.115,1171,1184289450,,,53,50,2022-10-14 09:30:47.600,0
96,2022-10-14 09:30:48.100,101.125,101.125,101.12,1173,1186311950,,,23,9,2022-10-14 09:30:48.100,0
97,2022-10-14 09:30:48.600,101.12,101.125,101.12,1174,1187323150,,,41,20,2022-10-14 09:30:48.600,0
98,2022-10-14 09:30:49.100,101.12,101.125,101.12,1174,1187323150,,,41,22,2022-10-14 09:30:49.100,0
99,2022-10-14 09:30:49.600,101.125,101.125,101.12,1177,1190356900,,,38,25,2022-10-14 09:30:49.600,0
100,2022-10-14 09:30:50.100,101.125,101.125,101.12,1180,1193390650,,,29,34,2022-10-14 09:30:50.100,0
101,2022-10-14 09:30:50.600,101.125,101.13,101.12,1208,1221705650,,,73,38,2022-10-14 09:30:50.600,0
102,2022-10-14 09:30:51.100,101.125,101.13,101.125,1208,1221705650,,,52,6,2022-10-14 09:30:51.100,0
103,2022-10-14 09:30:51.600,101.125,101.13,101.125,1209,1222716900,,,49,10,2022-10-14 09:30:51.600,0
104,2022-10-14 09:30:52.100,101.125,101.13,101.125,1209,1222716900,,,49,19,2022-10-14 09:30:52.100,0
105,2022-10-14 09:30:52.600,101.13,101.13,101.125,1215,1228784700,,,44,21,2022-10-14 09:30:52.600,0
106,2022-10-14 09:30:53.100,101.13,101.13,101.125,1216,1229796000,,,39,33,2022-10-14 09:30:53.100,0
107,2022-10-14 09:30:53.600,101.13,101.13,101.125,1216,1229796000,,,38,33,2022-10-14 09:30:53.600,0
108,2022-10-14 09:30:54.100,101.13,101.135,101.13,1255,1269236700,,,62,1,2022-10-14 09:30:54.100,0
109,2022-10-14 09:30:54.600,101.135,101.135,101.13,1256,1270248050,,,41,13,2022-10-14 09:30:54.600,0
110,2022-10-14 09:30:55.100,101.135,101.135,101.13,1257,1271259400,,,35,32,2022-10-14 09:30:55.100,0
111,2022-10-14 09:30:55.600,101.135,101.135,101.13,1258,1272270750,,,18,33,2022-10-14 09:30:55.600,0
112,2022-10-14 09:30:56.100,101.135,101.14,101.135,1276,1290475050,,,51,2,2022-10-14 09:30:56.100,0
113,2022-10-14 09:30:56.600,101.135,101.135,101.13,1283,1297554500,,,5,52,2022-10-14 09:30:56.600,0
114,2022-10-14 09:30:57.100,101.14,101.14,101.135,1286,1300588600,,,36,11,2022-10-14 09:30:57.100,0
115,2022-10-14 09:30:57.600,101.135,101.14,101.135,1294,1308679400,,,26,15,2022-10-14 09:30:57.600,0
116,2022-10-14 09:30:58.100,101.135,101.14,101.135,1294,1308679400,,,19,23,2022-10-14 09:30:58.100,0
117,2022-10-14 09:30:58.600,101.14,101.14,101.135,1295,1309690800,,,14,26,2022-10-14 09:30:58.600,0
118,2022-10-14 09:30:59.100,101.135,101.14,101.135,1328,1343066050,,,8,23,2022-10-14 09:30:59.100,0
119,2022-10-14 09:30:59.600,101.135,101.14,101.135,1346,1361270350,,,8,11,2022-10-14 09:30:59.600,0
120,2022-10-14 09:31:00.100,101.135,101.14,101.135,1346,1361270350,,,21,12,2022-10-14 09:31:00.100,0
121,2022-10-14 09:31:00.600,101.135,101.14,101.135,1346,1361270350,,,31,14,2022-10-14 09:31:00.600,0
122,2022-10-14 09:31:01.100,101.14,101.14,101.135,1347,1362281750,,,30,14,2022-10-14 09:31:01.100,0
123,2022-10-14 09:31:01.600,101.145,101.15,101.145,1436,1452299100,,,55,5,2022-10-14 09:31:01.600,0
124,2022-10-14 09:31:02.100,101.145,101.145,101.14,1500,1517032450,,,2,29,2022-10-14 09:31:02.100,0
125,2022-10-14 09:31:02.600,101.145,101.15,101.145,1514,1531192750,,,29,14,2022-10-14 09:31:02.600,0
126,2022-10-14 09:31:03.100,101.15,101.15,101.145,1519,1536250250,,,25,31,2022-10-14 09:31:03.100,0
127,2022-10-14 09:31:03.600,101.145,101.15,101.145,1524,1541307700,,,19,23,2022-10-14 09:31:03.600,0
128,2022-10-14 09:31:04.100,101.15,101.15,101.145,1554,1571651500,,,29,1,2022-10-14 09:31:04.100,0
129,2022-10-14 09:31:04.600,101.15,101.15,101.14,1568,1585812100,,,26,47,2022-10-14 09:31:04.600,0
130,2022-10-14 09:31:05.100,101.15,101.15,101.145,1575,1592892450,,,22,16,2022-10-14 09:31:05.100,0
131,2022-10-14 09:31:05.600,101.15,101.155,101.145,1591,1609076450,,,54,23,2022-10-14 09:31:05.600,0
132,2022-10-14 09:31:06.100,101.15,101.155,101.15,1594,1612110950,,,33,2,2022-10-14 09:31:06.100,0
133,2022-10-14 09:31:06.600,101.15,101.155,101.15,1594,1612110950,,,28,22,2022-10-14 09:31:06.600,0
134,2022-10-14 09:31:07.100,101.15,101.155,101.15,1594,1612110950,,,24,30,2022-10-14 09:31:07.100,0
135,2022-10-14 09:31:07.600,101.155,101.155,101.15,1621,1639422750,,,1,31,2022-10-14 09:31:07.600,0
136,2022-10-14 09:31:08.100,101.155,101.155,101.15,1631,1649538150,,,2,29,2022-10-14 09:31:08.100,0
137,2022-10-14 09:31:08.600,101.155,101.155,101.15,1636,1654595900,,,10,29,2022-10-14 09:31:08.600,0
138,2022-10-14 09:31:09.100,101.155,101.155,101.15,1636,1654595900,,,14,25,2022-10-14 09:31:09.100,0
139,2022-10-14 09:31:09.600,101.155,101.155,101.15,1636,1654595900,,,16,26,2022-10-14 09:31:09.600,0
140,2022-10-14 09:31:10.100,101.15,101.15,101.145,1647,1665722400,,,2,55,2022-10-14 09:31:10.100,0
141,2022-10-14 09:31:10.600,101.15,101.155,101.145,1659,1677860400,,,37,30,2022-10-14 09:31:10.600,0
142,2022-10-14 09:31:11.100,101.15,101.155,101.15,1664,1682917900,,,27,9,2022-10-14 09:31:11.100,0
143,2022-10-14 09:31:11.600,101.15,101.155,101.145,1678,1697078900,,,30,38,2022-10-14 09:31:11.600,0
144,2022-10-14 09:31:12.100,101.15,101.15,101.145,1678,1697078900,,,12,28,2022-10-14 09:31:12.100,0
145,2022-10-14 09:31:12.600,101.15,101.15,101.145,1678,1697078900,,,18,33,2022-10-14 09:31:12.600,0
146,2022-10-14 09:31:13.100,101.15,101.15,101.145,1678,1697078900,,,28,30,2022-10-14 09:31:13.100,0
147,2022-10-14 09:31:13.600,101.15,101.15,101.145,1678,1697078900,,,35,25,2022-10-14 09:31:13.600,0
148,2022-10-14 09:31:14.100,101.15,101.15,101.145,1678,1697078900,,,36,24,2022-10-14 09:31:14.100,0
149,2022-10-14 09:31:15.100,101.145,101.145,101.14,1694,1713262100,,,4,74,2022-10-14 09:31:15.100,1
150,2022-10-14 09:31:15.600,101.145,101.15,101.145,1706,1725399500,,,48,5,2022-10-14 09:31:15.600,0
151,2022-10-14 09:31:16.100,101.145,101.15,101.145,1717,1736525450,,,38,13,2022-10-14 09:31:16.100,0
152,2022-10-14 09:31:16.600,101.145,101.15,101.145,1717,1736525450,,,38,21,2022-10-14 09:31:16.600,0
153,2022-10-14 09:31:17.100,101.145,101.15,101.145,1717,1736525450,,,38,23,2022-10-14 09:31:17.100,0
154,2022-10-14 09:31:17.600,101.145,101.15,101.145,1719,1738548350,,,48,21,2022-10-14 09:31:17.600,0
155,2022-10-14 09:31:18.100,101.145,101.15,101.145,1719,1738548350,,,49,5,2022-10-14 09:31:18.100,0
156,2022-10-14 09:31:18.600,101.145,101.15,101.145,1721,1740571250,,,49,3,2022-10-14 09:31:18.600,0
157,2022-10-14 09:31:19.100,101.145,101.145,101.14,1724,1743605600,,,2,84,2022-10-14 09:31:19.100,0
158,2022-10-14 09:31:19.600,101.145,101.15,101.145,1730,1749674300,,,79,1,2022-10-14 09:31:19.600,0
159,2022-10-14 09:31:20.100,101.145,101.145,101.14,1734,1753720100,,,10,84,2022-10-14 09:31:20.100,0
160,2022-10-14 09:31:20.600,101.145,101.15,101.145,1736,1755743000,,,79,2,2022-10-14 09:31:20.600,0
161,2022-10-14 09:31:21.100,101.145,101.15,101.145,1741,1760800250,,,51,1,2022-10-14 09:31:21.100,0
162,2022-10-14 09:31:21.600,101.145,101.15,101.145,1743,1762823150,,,51,12,2022-10-14 09:31:21.600,0
163,2022-10-14 09:31:22.100,101.145,101.15,101.145,1743,1762823150,,,51,9,2022-10-14 09:31:22.100,0
164,2022-10-14 09:31:22.600,101.145,101.145,101.14,1752,1771926200,,,10,83,2022-10-14 09:31:22.600,0
165,2022-10-14 09:31:23.100,101.145,101.15,101.145,1759,1779006350,,,84,7,2022-10-14 09:31:23.100,0
166,2022-10-14 09:31:23.600,101.145,101.145,101.14,1790,1810361900,,,7,83,2022-10-14 09:31:23.600,0
167,2022-10-14 09:31:24.100,101.145,101.15,101.145,1797,1817442050,,,63,24,2022-10-14 09:31:24.100,0
168,2022-10-14 09:31:24.600,101.145,101.15,101.145,1797,1817442050,,,45,28,2022-10-14 09:31:24.600,0
169,2022-10-14 09:31:25.100,101.15,101.15,101.145,1807,1827557050,,,31,26,2022-10-14 09:31:25.100,0
170,2022-10-14 09:31:25.600,101.15,101.15,101.145,1807,1827557050,,,26,28,2022-10-14 09:31:25.600,0
171,2022-10-14 09:31:26.100,101.15,101.15,101.145,1814,1834637550,,,19,28,2022-10-14 09:31:26.100,0
172,2022-10-14 09:31:26.600,101.15,101.15,101.145,1814,1834637550,,,18,33,2022-10-14 09:31:26.600,0
173,2022-10-14 09:31:27.600,101.15,101.15,101.145,1816,1836660550,,,16,33,2022-10-14 09:31:27.600,1
174,2022-10-14 09:31:28.100,101.15,101.155,101.15,1833,1853856050,,,62,4,2022-10-14 09:31:28.100,0
175,2022-10-14 09:31:28.600,101.15,101.155,101.15,1834,1854867550,,,31,6,2022-10-14 09:31:28.600,0
176,2022-10-14 09:31:29.100,101.15,101.155,101.15,1834,1854867550,,,27,28,2022-10-14 09:31:29.100,0
177,2022-10-14 09:31:29.600,101.15,101.155,101.15,1834,1854867550,,,21,35,2022-10-14 09:31:29.600,0
178,2022-10-14 09:31:30.100,101.15,101.155,101.15,1834,1854867550,,,21,32,2022-10-14 09:31:30.100,0
179,2022-10-14 09:31:30.600,101.15,101.155,101.15,1842,1862959600,,,26,75,2022-10-14 09:31:30.600,0
180,2022-10-14 09:31:31.100,101.155,101.16,101.155,1863,1884202150,,,71,6,2022-10-14 09:31:31.100,0
181,2022-10-14 09:31:31.600,101.155,101.16,101.155,1863,1884202150,,,41,24,2022-10-14 09:31:31.600,0
182,2022-10-14 09:31:32.100,101.155,101.16,101.155,1869,1890271450,,,36,22,2022-10-14 09:31:32.100,0
183,2022-10-14 09:31:32.600,101.155,101.155,101.15,1888,1909490900,,,1,59,2022-10-14 09:31:32.600,0
184,2022-10-14 09:31:33.100,101.155,101.16,101.15,1922,1943883600,,,74,27,2022-10-14 09:31:33.100,0
185,2022-10-14 09:31:33.600,101.155,101.155,101.15,1931,1952987550,,,14,36,2022-10-14 09:31:33.600,0
186,2022-10-14 09:31:34.100,101.15,101.155,101.15,1943,1965126100,,,9,35,2022-10-14 09:31:34.100,0
187,2022-10-14 09:31:34.600,101.15,101.155,101.15,1943,1965126100,,,12,35,2022-10-14 09:31:34.600,0
188,2022-10-14 09:31:35.100,101.15,101.155,101.15,1943,1965126100,,,13,27,2022-10-14 09:31:35.100,0
189,2022-10-14 09:31:35.600,101.155,101.155,101.15,1985,2007609750,,,20,8,2022-10-14 09:31:35.600,0
190,2022-10-14 09:31:36.100,101.15,101.155,101.145,1993,2015701750,,,36,62,2022-10-14 09:31:36.100,0
191,2022-10-14 09:31:36.600,101.15,101.15,101.145,1994,2016713250,,,20,31,2022-10-14 09:31:36.600,0
192,2022-10-14 09:31:37.100,101.145,101.15,101.14,2014,2036942250,,,35,79,2022-10-14 09:31:37.100,0
193,2022-10-14 09:31:37.600,101.145,101.145,101.14,2014,2036942250,,,11,49,2022-10-14 09:31:37.600,0
194,2022-10-14 09:31:38.100,101.145,101.145,101.14,2015,2037953700,,,13,49,2022-10-14 09:31:38.100,0
195,2022-10-14 09:31:38.600,101.145,101.145,101.14,2015,2037953700,,,19,49,2022-10-14 09:31:38.600,0
196,2022-10-14 09:31:39.100,101.145,101.145,101.14,2015,2037953700,,,21,50,2022-10-14 09:31:39.100,0
197,2022-10-14 09:31:39.600,101.145,101.145,101.14,2016,2038965150,,,21,60,2022-10-14 09:31:39.600,0
198,2022-10-14 09:31:40.100,101.145,101.145,101.14,2017,2039976600,,,15,60,2022-10-14 09:31:40.100,0
199,2022-10-14 09:31:41.100,101.145,101.145,101.14,2028,2051102550,,,5,60,2022-10-14 09:31:41.100,1
200,2022-10-14 09:31:41.600,101.145,101.15,101.145,2033,2056159800,,,64,10,2022-10-14 09:31:41.600,0
201,2022-10-14 09:31:42.100,101.145,101.15,101.145,2037,2060205600,,,33,22,2022-10-14 09:31:42.100,0
202,2022-10-14 09:31:42.600,101.145,101.15,101.145,2037,2060205600,,,33,39,2022-10-14 09:31:42.600,0
203,2022-10-14 09:31:43.100,101.145,101.155,101.145,2069,2092573200,,,70,32,2022-10-14 09:31:43.100,0
204,2022-10-14 09:31:43.600,101.15,101.155,101.15,2070,2093584700,,,58,14,2022-10-14 09:31:43.600,0
205,2022-10-14 09:31:44.100,101.15,101.155,101.15,2071,2094596200,,,33,19,2022-10-14 09:31:44.100,0
206,2022-10-14 09:31:44.600,101.15,101.155,101.15,2081,2104711200,,,33,21,2022-10-14 09:31:44.600,0
207,2022-10-14 09:31:45.100,101.15,101.155,101.15,2081,2104711200,,,33,19,2022-10-14 09:31:45.100,0
208,2022-10-14 09:31:45.600,101.155,101.16,101.155,2114,2138092350,,,79,17,2022-10-14 09:31:45.600,0
209,2022-10-14 09:31:46.100,101.155,101.16,101.155,2124,2148207950,,,45,17,2022-10-14 09:31:46.100,0
210,2022-10-14 09:31:46.600,101.15,101.16,101.15,2152,2176530850,,,45,45,2022-10-14 09:31:46.600,0
211,2022-10-14 09:31:47.100,101.15,101.155,101.15,2152,2176530850,,,3,14,2022-10-14 09:31:47.100,0
212,2022-10-14 09:31:47.600,101.15,101.155,101.15,2153,2177542350,,,17,28,2022-10-14 09:31:47.600,0
213,2022-10-14 09:31:48.100,101.155,101.16,101.155,2166,2190692500,,,83,12,2022-10-14 09:31:48.100,0
214,2022-10-14 09:31:48.600,101.155,101.16,101.155,2167,2191704050,,,47,19,2022-10-14 09:31:48.600,0
215,2022-10-14 09:31:49.100,101.16,101.16,101.155,2184,2208900450,,,46,6,2022-10-14 09:31:49.100,0
216,2022-10-14 09:31:49.600,101.155,101.155,101.15,2190,2214969750,,,1,69,2022-10-14 09:31:49.600,0
217,2022-10-14 09:31:50.100,101.155,101.16,101.155,2200,2225085250,,,76,2,2022-10-14 09:31:50.100,0
218,2022-10-14 09:31:50.600,101.155,101.16,101.15,2207,2232166100,,,46,49,2022-10-14 09:31:50.600,0
219,2022-10-14 09:31:51.100,101.155,101.16,101.155,2207,2232166100,,,46,37,2022-10-14 09:31:51.100,0
220,2022-10-14 09:31:51.600,101.155,101.16,101.155,2207,2232166100,,,40,44,2022-10-14 09:31:51.600,0
221,2022-10-14 09:31:52.100,101.155,101.16,101.155,2207,2232166100,,,40,41,2022-10-14 09:31:52.100,0
222,2022-10-14 09:31:52.600,101.155,101.16,101.155,2207,2232166100,,,35,41,2022-10-14 09:31:52.600,0
223,2022-10-14 09:31:53.600,101.16,101.165,101.16,2240,2265548900,,,53,8,2022-10-14 09:31:53.600,1
224,2022-10-14 09:31:54.100,101.16,101.165,101.16,2240,2265548900,,,19,16,2022-10-14 09:31:54.100,0
225,2022-10-14 09:31:54.600,101.165,101.165,101.16,2245,2270607150,,,29,22,2022-10-14 09:31:54.600,0
226,2022-10-14 09:31:55.100,101.165,101.165,101.16,2254,2279711900,,,22,14,2022-10-14 09:31:55.100,0
227,2022-10-14 09:31:55.600,101.165,101.165,101.16,2259,2284770150,,,22,14,2022-10-14 09:31:55.600,0
228,2022-10-14 09:31:56.100,101.165,101.165,101.16,2265,2290840050,,,21,14,2022-10-14 09:31:56.100,0
229,2022-10-14 09:31:56.600,101.165,101.165,101.16,2276,2301968200,,,19,14,2022-10-14 09:31:56.600,0
230,2022-10-14 09:31:57.100,101.16,101.165,101.16,2278,2303991450,,,18,15,2022-10-14 09:31:57.100,0
231,2022-10-14 09:31:57.600,101.16,101.165,101.16,2279,2305003050,,,29,16,2022-10-14 09:31:57.600,0
232,2022-10-14 09:31:58.100,101.16,101.165,101.155,2295,2321188650,,,31,70,2022-10-14 09:31:58.100,0
233,2022-10-14 09:31:58.600,101.155,101.16,101.155,2299,2325234850,,,11,13,2022-10-14 09:31:58.600,0
234,2022-10-14 09:31:59.100,101.165,101.16,101.155,2327,2353559850,,,9,12,2022-10-14 09:31:59.100,0
235,2022-10-14 09:31:59.600,101.155,101.16,101.155,2329,2355582950,,,5,45,2022-10-14 09:31:59.600,0
236,2022-10-14 09:32:00.100,101.155,101.16,101.155,2329,2355582950,,,1,53,2022-10-14 09:32:00.100,0
237,2022-10-14 09:32:00.600,101.16,101.165,101.16,2336,2362664150,,,55,67,2022-10-14 09:32:00.600,0
238,2022-10-14 09:32:01.100,101.16,101.165,101.16,2339,2365698950,,,28,72,2022-10-14 09:32:01.100,0
239,2022-10-14 09:32:01.600,101.16,101.165,101.16,2339,2365698950,,,25,75,2022-10-14 09:32:01.600,0
240,2022-10-14 09:32:02.100,101.165,101.165,101.16,2340,2366710600,,,24,85,2022-10-14 09:32:02.100,0
241,2022-10-14 09:32:02.600,101.16,101.165,101.16,2341,2367722200,,,26,85,2022-10-14 09:32:02.600,0
242,2022-10-14 09:32:03.100,101.165,101.165,101.16,2343,2369745500,,,27,81,2022-10-14 09:32:03.100,0
243,2022-10-14 09:32:03.600,101.165,101.165,101.16,2374,2401106650,,,1,81,2022-10-14 09:32:03.600,0
244,2022-10-14 09:32:04.100,101.165,101.17,101.165,2376,2403129950,,,108,36,2022-10-14 09:32:04.100,0
245,2022-10-14 09:32:04.600,101.165,101.17,101.165,2376,2403129950,,,83,44,2022-10-14 09:32:04.600,0
246,2022-10-14 09:32:05.100,101.165,101.17,101.165,2376,2403129950,,,91,45,2022-10-14 09:32:05.100,0
247,2022-10-14 09:32:05.600,101.165,101.17,101.165,2376,2403129950,,,94,45,2022-10-14 09:32:05.600,0
248,2022-10-14 09:32:06.100,101.165,101.17,101.165,2376,2403129950,,,94,44,2022-10-14 09:32:06.100,0
249,2022-10-14 09:32:06.600,101.165,101.165,101.16,2420,2447642550,,,2,102,2022-10-14 09:32:06.600,0
250,2022-10-14 09:32:07.100,101.165,101.165,101.16,2420,2447642550,,,16,81,2022-10-14 09:32:07.100,0
251,2022-10-14 09:32:07.600,101.165,101.165,101.16,2424,2451689150,,,14,81,2022-10-14 09:32:07.600,0
252,2022-10-14 09:32:08.100,101.165,101.17,101.165,2436,2463828950,,,110,14,2022-10-14 09:32:08.100,0
253,2022-10-14 09:32:08.600,101.165,101.17,101.165,2437,2464840600,,,89,22,2022-10-14 09:32:08.600,0
254,2022-10-14 09:32:09.100,101.165,101.17,101.165,2437,2464840600,,,90,24,2022-10-14 09:32:09.100,0
255,2022-10-14 09:32:09.600,101.165,101.17,101.165,2437,2464840600,,,90,21,2022-10-14 09:32:09.600,0
256,2022-10-14 09:32:10.600,101.165,101.17,101.165,2437,2464840600,,,90,22,2022-10-14 09:32:10.600,1
257,2022-10-14 09:32:11.100,101.17,101.17,101.165,2438,2465852300,,,89,23,2022-10-14 09:32:11.100,0
258,2022-10-14 09:32:11.600,101.165,101.17,101.165,2452,2480016000,,,77,55,2022-10-14 09:32:11.600,0
259,2022-10-14 09:32:12.100,101.17,101.17,101.165,2476,2504296800,,,53,60,2022-10-14 09:32:12.100,0
260,2022-10-14 09:32:12.600,101.175,101.175,101.17,2536,2564999000,,,70,14,2022-10-14 09:32:12.600,0
261,2022-10-14 09:32:13.100,101.17,101.175,101.17,2543,2572081100,,,41,25,2022-10-14 09:32:13.100,0
262,2022-10-14 09:32:13.600,101.175,101.175,101.17,2574,2603445100,,,23,25,2022-10-14 09:32:13.600,0
263,2022-10-14 09:32:14.100,101.175,101.18,101.175,2602,2631774000,,,115,49,2022-10-14 09:32:14.100,0
264,2022-10-14 09:32:14.600,101.175,101.18,101.175,2657,2687420300,,,83,1,2022-10-14 09:32:14.600,0
265,2022-10-14 09:32:15.100,101.18,101.18,101.175,2684,2714738250,,,56,6,2022-10-14 09:32:15.100,0
266,2022-10-14 09:32:15.600,101.18,101.18,101.175,2712,2743068500,,,28,25,2022-10-14 09:32:15.600,0
267,2022-10-14 09:32:16.100,101.18,101.18,101.175,2719,2750151100,,,21,33,2022-10-14 09:32:16.100,0
268,2022-10-14 09:32:16.600,101.18,101.18,101.175,2723,2754198300,,,17,35,2022-10-14 09:32:16.600,0
269,2022-10-14 09:32:17.100,101.18,101.18,101.175,2739,2770387100,,,7,30,2022-10-14 09:32:17.100,0
270,2022-10-14 09:32:17.600,101.175,101.185,101.175,2749,2780505050,,,62,47,2022-10-14 09:32:17.600,0
271,2022-10-14 09:32:18.100,101.18,101.18,101.175,2752,2783540450,,,7,28,2022-10-14 09:32:18.100,0
272,2022-10-14 09:32:18.600,101.175,101.18,101.175,2754,2785564000,,,14,27,2022-10-14 09:32:18.600,0
273,2022-10-14 09:32:19.100,101.175,101.18,101.175,2765,2796693250,,,27,5,2022-10-14 09:32:19.100,0
274,2022-10-14 09:32:19.600,101.175,101.18,101.175,2777,2808834250,,,35,13,2022-10-14 09:32:19.600,0
275,2022-10-14 09:32:20.100,101.18,101.18,101.175,2791,2822998800,,,32,1,2022-10-14 09:32:20.100,0
276,2022-10-14 09:32:20.600,101.18,101.18,101.175,2792,2824010600,,,31,9,2022-10-14 09:32:20.600,0
277,2022-10-14 09:32:21.100,101.18,101.18,101.175,2792,2824010600,,,31,36,2022-10-14 09:32:21.100,0
278,2022-10-14 09:32:21.600,101.18,101.18,101.175,2813,2845258400,,,2,41,2022-10-14 09:32:21.600,0
279,2022-10-14 09:32:22.100,101.18,101.185,101.18,2815,2847282000,,,65,3,2022-10-14 09:32:22.100,0
280,2022-10-14 09:32:22.600,101.18,101.185,101.18,2820,2852341050,,,45,10,2022-10-14 09:32:22.600,0
281,2022-10-14 09:32:23.100,101.18,101.185,101.18,2836,2868529850,,,42,2,2022-10-14 09:32:23.100,0
282,2022-10-14 09:32:23.600,101.185,101.185,101.18,2840,2872577050,,,44,1,2022-10-14 09:32:23.600,0
283,2022-10-14 09:32:24.100,101.18,101.18,101.175,2860,2892813700,,,2,60,2022-10-14 09:32:24.100,0
284,2022-10-14 09:32:24.600,101.18,101.185,101.18,2866,2898884500,,,37,13,2022-10-14 09:32:24.600,0
285,2022-10-14 09:32:25.100,101.18,101.185,101.18,2877,2910014300,,,32,2,2022-10-14 09:32:25.100,0
286,2022-10-14 09:32:25.600,101.185,101.185,101.18,2880,2913049750,,,32,5,2022-10-14 09:32:25.600,0
287,2022-10-14 09:32:26.100,101.18,101.185,101.18,2882,2915073350,,,34,10,2022-10-14 09:32:26.100,0
288,2022-10-14 09:32:26.600,101.18,101.185,101.18,2882,2915073350,,,139,10,2022-10-14 09:32:26.600,0
289,2022-10-14 09:32:27.100,101.18,101.18,101.175,2892,2925191350,,,30,61,2022-10-14 09:32:27.100,0
290,2022-10-14 09:32:27.600,101.18,101.18,101.175,2892,2925191350,,,43,39,2022-10-14 09:32:27.600,0
291,2022-10-14 09:32:28.100,101.18,101.18,101.175,2892,2925191350,,,55,32,2022-10-14 09:32:28.100,0
292,2022-10-14 09:32:28.600,101.175,101.175,101.17,2919,2952508600,,,14,70,2022-10-14 09:32:28.600,0
293,2022-10-14 09:32:29.100,101.175,101.175,101.17,2919,2952508600,,,23,49,2022-10-14 09:32:29.100,0
294,2022-10-14 09:32:29.600,101.175,101.175,101.17,2919,2952508600,,,31,51,2022-10-14 09:32:29.600,0
295,2022-10-14 09:32:30.100,101.175,101.175,101.17,2919,2952508600,,,30,62,2022-10-14 09:32:30.100,0
296,2022-10-14 09:32:30.600,101.175,101.175,101.17,2920,2953520350,,,29,52,2022-10-14 09:32:30.600,0
297,2022-10-14 09:32:31.600,101.175,101.175,101.17,2920,2953520350,,,30,52,2022-10-14 09:32:31.600,1
298,2022-10-14 09:32:33.100,101.17,101.175,101.17,2932,2965661250,,,20,50,2022-10-14 09:32:33.100,1
299,2022-10-14 09:32:33.600,101.175,101.18,101.175,2952,2985896250,,,84,10,2022-10-14 09:32:33.600,0
300,2022-10-14 09:32:34.100,101.175,101.18,101.175,2955,2988931500,,,63,11,2022-10-14 09:32:34.100,0
301,2022-10-14 09:32:34.600,101.175,101.18,101.175,2958,2991966750,,,63,5,2022-10-14 09:32:34.600,0
302,2022-10-14 09:32:35.100,101.175,101.18,101.17,2963,2997025500,,,63,72,2022-10-14 09:32:35.100,0
303,2022-10-14 09:32:35.600,101.17,101.175,101.17,2964,2998037200,,,7,51,2022-10-14 09:32:35.600,0
304,2022-10-14 09:32:36.100,101.17,101.175,101.17,2964,2998037200,,,17,51,2022-10-14 09:32:36.100,0
305,2022-10-14 09:32:36.600,101.17,101.175,101.17,2964,2998037200,,,16,51,2022-10-14 09:32:36.600,0
306,2022-10-14 09:32:37.100,101.17,101.175,101.17,2964,2998037200,,,23,52,2022-10-14 09:32:37.100,0
307,2022-10-14 09:32:37.600,101.175,101.175,101.17,2979,3013213450,,,9,52,2022-10-14 09:32:37.600,0
308,2022-10-14 09:32:38.100,101.175,101.175,101.17,2979,3013213450,,,8,52,2022-10-14 09:32:38.100,0
309,2022-10-14 09:32:38.600,101.175,101.175,101.17,2980,3014225200,,,12,52,2022-10-14 09:32:38.600,0
310,2022-10-14 09:32:39.100,101.175,101.18,101.17,2992,3026366200,,,78,52,2022-10-14 09:32:39.100,0
311,2022-10-14 09:32:39.600,101.175,101.18,101.175,2992,3026366200,,,107,10,2022-10-14 09:32:39.600,0
312,2022-10-14 09:32:40.100,101.175,101.18,101.17,2995,3029401450,,,107,76,2022-10-14 09:32:40.100,0
313,2022-10-14 09:32:40.600,101.175,101.175,101.17,2995,3029401450,,,4,56,2022-10-14 09:32:40.600,0
314,2022-10-14 09:32:41.100,101.175,101.18,101.175,2998,3032436700,,,126,1,2022-10-14 09:32:41.100,0
315,2022-10-14 09:32:41.600,101.175,101.18,101.175,3000,3034460200,,,106,4,2022-10-14 09:32:41.600,0
316,2022-10-14 09:32:42.100,101.175,101.18,101.175,3000,3034460200,,,106,10,2022-10-14 09:32:42.100,0
317,2022-10-14 09:32:42.600,101.175,101.18,101.175,3000,3034460200,,,108,10,2022-10-14 09:32:42.600,0
318,2022-10-14 09:32:44.600,101.175,101.18,101.175,3002,3036483700,,,108,8,2022-10-14 09:32:44.600,2
319,2022-10-14 09:32:45.100,101.175,101.18,101.175,3002,3036483700,,,108,13,2022-10-14 09:32:45.100,0
320,2022-10-14 09:32:45.600,101.175,101.18,101.175,3003,3037495450,,,108,12,2022-10-14 09:32:45.600,0
321,2022-10-14 09:32:46.100,101.175,101.18,101.175,3004,3038507200,,,108,11,2022-10-14 09:32:46.100,0
322,2022-10-14 09:32:46.600,101.175,101.175,101.17,3015,3049636450,,,1,77,2022-10-14 09:32:46.600,0
323,2022-10-14 09:32:47.100,101.175,101.175,101.17,3015,3049636450,,,13,56,2022-10-14 09:32:47.100,0
324,2022-10-14 09:32:47.600,101.175,101.175,101.17,3015,3049636450,,,21,56,2022-10-14 09:32:47.600,0
325,2022-10-14 09:32:48.100,101.175,101.175,101.17,3016,3050648200,,,18,52,2022-10-14 09:32:48.100,0
326,2022-10-14 09:32:48.600,101.175,101.175,101.17,3016,3050648200,,,21,52,2022-10-14 09:32:48.600,0
327,2022-10-14 09:32:49.100,101.175,101.175,101.17,3017,3051659950,,,20,52,2022-10-14 09:32:49.100,0
328,2022-10-14 09:32:50.100,101.175,101.175,101.17,3017,3051659950,,,20,54,2022-10-14 09:32:50.100,1
329,2022-10-14 09:32:50.600,101.175,101.175,101.17,3017,3051659950,,,18,54,2022-10-14 09:32:50.600,0
330,2022-10-14 09:32:51.100,101.175,101.175,101.17,3017,3051659950,,,21,54,2022-10-14 09:32:51.100,0
331,2022-10-14 09:32:52.100,101.175,101.175,101.17,3017,3051659950,,,21,53,2022-10-14 09:32:52.100,1
332,2022-10-14 09:32:52.600,101.175,101.175,101.17,3017,3051659950,,,23,53,2022-10-14 09:32:52.600,0
333,2022-10-14 09:32:53.100,101.175,101.175,101.17,3017,3051659950,,,24,48,2022-10-14 09:32:53.100,0
334,2022-10-14 09:32:53.600,101.17,101.175,101.17,3018,3052671650,,,24,47,2022-10-14 09:32:53.600,0
335,2022-10-14 09:32:54.100,101.17,101.175,101.17,3020,3054695050,,,30,45,2022-10-14 09:32:54.100,0
336,2022-10-14 09:32:54.600,101.17,101.17,101.165,3063,3098198150,,,12,108,2022-10-14 09:32:54.600,0
337,2022-10-14 09:32:55.100,101.17,101.17,101.165,3063,3098198150,,,22,87,2022-10-14 09:32:55.100,0
338,2022-10-14 09:32:55.600,101.17,101.17,101.165,3063,3098198150,,,24,89,2022-10-14 09:32:55.600,0
339,2022-10-14 09:32:56.100,101.17,101.17,101.165,3063,3098198150,,,21,90,2022-10-14 09:32:56.100,0
340,2022-10-14 09:32:56.600,101.17,101.17,101.165,3063,3098198150,,,21,60,2022-10-14 09:32:56.600,0
341,2022-10-14 09:32:57.100,101.17,101.175,101.17,3091,3126525750,,,52,2,2022-10-14 09:32:57.100,0
342,2022-10-14 09:32:57.600,101.17,101.17,101.165,3101,3136642750,,,11,72,2022-10-14 09:32:57.600,0
343,2022-10-14 09:32:58.100,101.165,101.17,101.165,3102,3137654400,,,15,49,2022-10-14 09:32:58.100,0
344,2022-10-14 09:32:58.600,101.165,101.17,101.165,3102,3137654400,,,23,49,2022-10-14 09:32:58.600,0
345,2022-10-14 09:32:59.100,101.165,101.17,101.165,3102,3137654400,,,21,49,2022-10-14 09:32:59.100,0
346,2022-10-14 09:32:59.600,101.165,101.17,101.165,3102,3137654400,,,20,51,2022-10-14 09:32:59.600,0
347,2022-10-14 09:33:00.100,101.17,101.17,101.165,3103,3138666100,,,23,58,2022-10-14 09:33:00.100,0
348,2022-10-14 09:33:00.600,101.17,101.17,101.165,3107,3142712900,,,17,59,2022-10-14 09:33:00.600,0
349,2022-10-14 09:33:01.100,101.17,101.175,101.17,3124,3159911800,,,55,1,2022-10-14 09:33:01.100,0
350,2022-10-14 09:33:01.600,101.17,101.175,101.17,3125,3160923500,,,36,15,2022-10-14 09:33:01.600,0
351,2022-10-14 09:33:02.100,101.17,101.175,101.17,3127,3162946900,,,36,26,2022-10-14 09:33:02.100,0
352,2022-10-14 09:33:02.600,101.175,101.175,101.17,3128,3163958650,,,34,24,2022-10-14 09:33:02.600,0
353,2022-10-14 09:33:03.100,101.175,101.175,101.17,3128,3163958650,,,35,24,2022-10-14 09:33:03.100,0
354,2022-10-14 09:33:04.100,101.175,101.175,101.17,3128,3163958650,,,35,26,2022-10-14 09:33:04.100,1
355,2022-10-14 09:33:04.600,101.175,101.175,101.17,3128,3163958650,,,38,27,2022-10-14 09:33:04.600,0
356,2022-10-14 09:33:05.100,101.175,101.175,101.17,3128,3163958650,,,37,27,2022-10-14 09:33:05.100,0
357,2022-10-14 09:33:05.600,101.17,101.175,101.17,3132,3168005600,,,30,27,2022-10-14 09:33:05.600,0
358,2022-10-14 09:33:06.100,101.17,101.175,101.17,3132,3168005600,,,30,34,2022-10-14 09:33:06.100,0
359,2022-10-14 09:33:06.600,101.17,101.175,101.17,3132,3168005600,,,30,35,2022-10-14 09:33:06.600,0
360,2022-10-14 09:33:07.100,101.17,101.175,101.17,3132,3168005600,,,30,36,2022-10-14 09:33:07.100,0
361,2022-10-14 09:33:07.600,101.17,101.175,101.17,3132,3168005600,,,30,37,2022-10-14 09:33:07.600,0
362,2022-10-14 09:33:08.600,101.17,101.175,101.17,3132,3168005600,,,31,37,2022-10-14 09:33:08.600,1
363,2022-10-14 09:33:09.100,101.17,101.175,101.17,3132,3168005600,,,33,32,2022-10-14 09:33:09.100,0
364,2022-10-14 09:33:09.600,101.17,101.175,101.17,3134,3170029000,,,33,30,2022-10-14 09:33:09.600,0
365,2022-10-14 09:33:10.600,101.17,101.175,101.17,3134,3170029000,,,33,47,2022-10-14 09:33:10.600,1
366,2022-10-14 09:33:11.100,101.17,101.175,101.17,3134,3170029000,,,33,48,2022-10-14 09:33:11.100,0
367,2022-10-14 09:33:11.600,101.17,101.175,101.17,3134,3170029000,,,33,52,2022-10-14 09:33:11.600,0
368,2022-10-14 09:33:12.100,101.175,101.18,101.17,3166,3202405000,,,156,52,2022-10-14 09:33:12.100,0
369,2022-10-14 09:33:12.600,101.175,101.18,101.175,3168,3204428500,,,125,22,2022-10-14 09:33:12.600,0
370,2022-10-14 09:33:13.100,101.175,101.18,101.175,3169,3205440250,,,125,26,2022-10-14 09:33:13.100,0
371,2022-10-14 09:33:14.100,101.175,101.18,101.175,3169,3205440250,,,125,31,2022-10-14 09:33:14.100,1
372,2022-10-14 09:33:15.100,101.175,101.18,101.175,3169,3205440250,,,120,31,2022-10-14 09:33:15.100,1
373,2022-10-14 09:33:15.600,101.175,101.18,101.175,3171,3207463750,,,120,30,2022-10-14 09:33:15.600,0
374,2022-10-14 09:33:19.100,101.175,101.18,101.175,3171,3207463750,,,120,29,2022-10-14 09:33:19.100,3
375,2022-10-14 09:33:20.100,101.175,101.18,101.175,3172,3208475500,,,120,28,2022-10-14 09:33:20.100,1
376,2022-10-14 09:33:20.600,101.175,101.18,101.175,3172,3208475500,,,120,26,2022-10-14 09:33:20.600,0
377,2022-10-14 09:33:22.100,101.175,101.18,101.175,3172,3208475500,,,120,29,2022-10-14 09:33:22.100,1
378,2022-10-14 09:33:22.600,101.175,101.18,101.175,3173,3209487250,,,120,28,2022-10-14 09:33:22.600,0
379,2022-10-14 09:33:24.600,101.175,101.18,101.175,3176,3212522500,,,120,25,2022-10-14 09:33:24.600,2
380,2022-10-14 09:33:25.100,101.18,101.18,101.175,3179,3215557900,,,117,25,2022-10-14 09:33:25.100,0
381,2022-10-14 09:33:25.600,101.175,101.18,101.175,3185,3221628400,,,117,17,2022-10-14 09:33:25.600,0
382,2022-10-14 09:33:26.100,101.175,101.18,101.17,3197,3233769400,,,117,70,2022-10-14 09:33:26.100,0
383,2022-10-14 09:33:26.600,101.175,101.175,101.17,3197,3233769400,,,7,49,2022-10-14 09:33:26.600,0
384,2022-10-14 09:33:27.100,101.175,101.175,101.17,3197,3233769400,,,22,49,2022-10-14 09:33:27.100,0
385,2022-10-14 09:33:27.600,101.175,101.175,101.17,3197,3233769400,,,24,49,2022-10-14 09:33:27.600,0
386,2022-10-14 09:33:28.100,101.175,101.175,101.17,3197,3233769400,,,24,46,2022-10-14 09:33:28.100,0
387,2022-10-14 09:33:28.600,101.17,101.175,101.17,3198,3234781100,,,24,45,2022-10-14 09:33:28.600,0
388,2022-10-14 09:33:29.100,101.175,101.175,101.17,3199,3235792850,,,31,44,2022-10-14 09:33:29.100,0
389,2022-10-14 09:33:32.600,101.17,101.175,101.17,3201,3237816250,,,31,35,2022-10-14 09:33:32.600,3
390,2022-10-14 09:33:33.100,101.17,101.175,101.17,3201,3237816250,,,32,35,2022-10-14 09:33:33.100,0
391,2022-10-14 09:33:34.600,101.17,101.175,101.17,3201,3237816250,,,34,35,2022-10-14 09:33:34.600,1
392,2022-10-14 09:33:35.100,101.17,101.17,101.165,3236,3273225750,,,3,97,2022-10-14 09:33:35.100,0
393,2022-10-14 09:33:35.600,101.175,101.175,101.17,3249,3286378000,,,48,12,2022-10-14 09:33:35.600,0
394,2022-10-14 09:33:36.100,101.175,101.175,101.17,3249,3286378000,,,39,27,2022-10-14 09:33:36.100,0
395,2022-10-14 09:33:36.600,101.17,101.175,101.17,3263,3300541800,,,39,14,2022-10-14 09:33:36.600,0
396,2022-10-14 09:33:37.100,101.17,101.175,101.17,3263,3300541800,,,44,10,2022-10-14 09:33:37.100,0
397,2022-10-14 09:33:37.600,101.17,101.175,101.17,3264,3301553500,,,44,9,2022-10-14 09:33:37.600,0
398,2022-10-14 09:33:38.100,101.17,101.175,101.17,3265,3302565200,,,44,8,2022-10-14 09:33:38.100,0
399,2022-10-14 09:33:38.600,101.17,101.175,101.17,3273,3310658800,,,44,2,2022-10-14 09:33:38.600,0
400,2022-10-14 09:33:39.100,101.17,101.175,101.17,3273,3310658800,,,64,2,2022-10-14 09:33:39.100,0
401,2022-10-14 09:33:39.600,101.17,101.175,101.165,3275,3312682200,,,65,87,2022-10-14 09:33:39.600,0
402,2022-10-14 09:33:40.100,101.17,101.17,101.165,3275,3312682200,,,30,56,2022-10-14 09:33:40.100,0
403,2022-10-14 09:33:40.600,101.17,101.17,101.165,3275,3312682200,,,35,56,2022-10-14 09:33:40.600,0
404,2022-10-14 09:33:41.100,101.17,101.17,101.165,3275,3312682200,,,35,55,2022-10-14 09:33:41.100,0
405,2022-10-14 09:33:41.600,101.17,101.17,101.165,3275,3312682200,,,36,55,2022-10-14 09:33:41.600,0
406,2022-10-14 09:33:42.600,101.17,101.17,101.165,3276,3313693900,,,35,55,2022-10-14 09:33:42.600,1
407,2022-10-14 09:33:43.100,101.17,101.17,101.165,3277,3314705600,,,35,56,2022-10-14 09:33:43.100,0
408,2022-10-14 09:33:43.600,101.17,101.17,101.165,3278,3315717300,,,34,57,2022-10-14 09:33:43.600,0
409,2022-10-14 09:33:45.100,101.17,101.17,101.165,3278,3315717300,,,35,57,2022-10-14 09:33:45.100,1
410,2022-10-14 09:33:45.600,101.17,101.17,101.165,3278,3315717300,,,35,58,2022-10-14 09:33:45.600,0
411,2022-10-14 09:33:47.100,101.17,101.17,101.165,3279,3316729000,,,34,58,2022-10-14 09:33:47.100,1
412,2022-10-14 09:33:47.600,101.17,101.17,101.165,3279,3316729000,,,34,59,2022-10-14 09:33:47.600,0
413,2022-10-14 09:33:48.600,101.17,101.17,101.165,3284,3321787500,,,29,82,2022-10-14 09:33:48.600,1
414,2022-10-14 09:33:49.100,101.17,101.17,101.165,3312,3350115100,,,14,95,2022-10-14 09:33:49.100,0
415,2022-10-14 09:33:49.600,101.17,101.175,101.17,3326,3364278900,,,86,20,2022-10-14 09:33:49.600,0
416,2022-10-14 09:33:50.100,101.17,101.175,101.17,3342,3380466100,,,53,10,2022-10-14 09:33:50.100,0
417,2022-10-14 09:33:50.600,101.17,101.175,101.17,3349,3387548000,,,56,4,2022-10-14 09:33:50.600,0
418,2022-10-14 09:33:51.100,101.17,101.175,101.165,3353,3391594800,,,56,125,2022-10-14 09:33:51.100,0
419,2022-10-14 09:33:51.600,101.17,101.175,101.17,3353,3391594800,,,56,7,2022-10-14 09:33:51.600,0
420,2022-10-14 09:33:52.100,101.165,101.17,101.165,3366,3404746850,,,6,114,2022-10-14 09:33:52.100,0
421,2022-10-14 09:33:52.600,101.17,101.17,101.165,3368,3406770250,,,1,83,2022-10-14 09:33:52.600,0
422,2022-10-14 09:33:53.100,101.17,101.17,101.165,3368,3406770250,,,13,83,2022-10-14 09:33:53.100,0
423,2022-10-14 09:33:53.600,101.17,101.175,101.17,3381,3419922350,,,74,7,2022-10-14 09:33:53.600,0
424,2022-10-14 09:33:54.100,101.17,101.175,101.17,3384,3422957450,,,53,17,2022-10-14 09:33:54.100,0
425,2022-10-14 09:33:54.600,101.17,101.175,101.17,3385,3423969150,,,53,12,2022-10-14 09:33:54.600,0
426,2022-10-14 09:33:55.100,101.17,101.175,101.17,3385,3423969150,,,53,10,2022-10-14 09:33:55.100,0
427,2022-10-14 09:33:55.600,101.17,101.175,101.17,3387,3425992550,,,53,13,2022-10-14 09:33:55.600,0
428,2022-10-14 09:33:56.100,101.17,101.175,101.17,3389,3428015950,,,53,11,2022-10-14 09:33:56.100,0
429,2022-10-14 09:33:56.600,101.17,101.175,101.165,3400,3439144650,,,53,120,2022-10-14 09:33:56.600,0
430,2022-10-14 09:33:57.100,101.165,101.175,101.165,3401,3440156300,,,103,82,2022-10-14 09:33:57.100,0
431,2022-10-14 09:33:57.600,101.165,101.17,101.165,3401,3440156300,,,64,82,2022-10-14 09:33:57.600,0
432,2022-10-14 09:33:58.100,101.165,101.17,101.165,3401,3440156300,,,68,82,2022-10-14 09:33:58.100,0
433,2022-10-14 09:33:58.600,101.165,101.17,101.165,3401,3440156300,,,65,82,2022-10-14 09:33:58.600,0
434,2022-10-14 09:33:59.600,101.165,101.17,101.165,3401,3440156300,,,65,84,2022-10-14 09:33:59.600,1
435,2022-10-14 09:34:00.100,101.165,101.17,101.165,3401,3440156300,,,66,84,2022-10-14 09:34:00.100,0
436,2022-10-14 09:34:01.600,101.17,101.17,101.165,3402,3441168000,,,65,85,2022-10-14 09:34:01.600,1
437,2022-10-14 09:34:02.600,101.17,101.17,101.165,3425,3464437100,,,42,85,2022-10-14 09:34:02.600,1
438,2022-10-14 09:34:03.100,101.17,101.17,101.165,3425,3464437100,,,42,86,2022-10-14 09:34:03.100,0
439,2022-10-14 09:34:04.100,101.17,101.17,101.165,3428,3467472200,,,39,86,2022-10-14 09:34:04.100,1
440,2022-10-14 09:34:05.100,101.17,101.17,101.165,3430,3469495550,,,38,85,2022-10-14 09:34:05.100,1
441,2022-10-14 09:34:05.600,101.17,101.17,101.165,3430,3469495550,,,40,85,2022-10-14 09:34:05.600,0
442,2022-10-14 09:34:09.100,101.17,101.17,101.165,3430,3469495550,,,42,85,2022-10-14 09:34:09.100,3
443,2022-10-14 09:34:09.600,101.17,101.17,101.165,3431,3470507250,,,41,84,2022-10-14 09:34:09.600,0
444,2022-10-14 09:34:11.100,101.165,101.165,101.16,3520,3560544000,,,8,65,2022-10-14 09:34:11.100,1
445,2022-10-14 09:34:11.600,101.165,101.165,101.16,3520,3560544000,,,20,28,2022-10-14 09:34:11.600,0
446,2022-10-14 09:34:12.100,101.165,101.165,101.16,3520,3560544000,,,78,53,2022-10-14 09:34:12.100,0
447,2022-10-14 09:34:12.600,101.165,101.165,101.16,3520,3560544000,,,79,54,2022-10-14 09:34:12.600,0
448,2022-10-14 09:34:13.100,101.165,101.165,101.16,3520,3560544000,,,76,54,2022-10-14 09:34:13.100,0
449,2022-10-14 09:34:13.600,101.165,101.165,101.16,3520,3560544000,,,76,53,2022-10-14 09:34:13.600,0
450,2022-10-14 09:34:14.100,101.165,101.165,101.16,3520,3560544000,,,76,38,2022-10-14 09:34:14.100,0
451,2022-10-14 09:34:14.600,101.16,101.165,101.16,3521,3561555600,,,76,35,2022-10-14 09:34:14.600,0
452,2022-10-14 09:34:15.100,101.16,101.165,101.16,3525,3565602000,,,76,31,2022-10-14 09:34:15.100,0
453,2022-10-14 09:34:15.600,101.16,101.165,101.16,3527,3567625200,,,77,28,2022-10-14 09:34:15.600,0
454,2022-10-14 09:34:16.600,101.16,101.165,101.16,3528,3568636800,,,77,30,2022-10-14 09:34:16.600,1
455,2022-10-14 09:34:17.100,101.165,101.165,101.16,3533,3573695050,,,72,31,2022-10-14 09:34:17.100,0
456,2022-10-14 09:34:21.100,101.165,101.165,101.16,3533,3573695050,,,72,52,2022-10-14 09:34:21.100,4
457,2022-10-14 09:34:21.600,101.165,101.165,101.16,3533,3573695050,,,72,62,2022-10-14 09:34:21.600,0
458,2022-10-14 09:34:22.100,101.165,101.165,101.16,3533,3573695050,,,67,62,2022-10-14 09:34:22.100,0
459,2022-10-14 09:34:23.100,101.165,101.165,101.16,3533,3573695050,,,66,62,2022-10-14 09:34:23.100,1
460,2022-10-14 09:34:23.600,101.165,101.165,101.16,3533,3573695050,,,66,63,2022-10-14 09:34:23.600,0
461,2022-10-14 09:34:28.600,101.16,101.16,101.155,3596,3637425850,,,2,95,2022-10-14 09:34:28.600,5
462,2022-10-14 09:34:29.100,101.16,101.16,101.155,3604,3645518650,,,12,50,2022-10-14 09:34:29.100,0
463,2022-10-14 09:34:29.600,101.16,101.165,101.155,3623,3664739050,,,106,50,2022-10-14 09:34:29.600,0
464,2022-10-14 09:34:30.100,101.16,101.165,101.16,3624,3665750650,,,73,10,2022-10-14 09:34:30.100,0
465,2022-10-14 09:34:30.600,101.16,101.165,101.16,3626,3667773850,,,63,25,2022-10-14 09:34:30.600,0
466,2022-10-14 09:34:31.100,101.16,101.165,101.16,3626,3667773850,,,63,32,2022-10-14 09:34:31.100,0
467,2022-10-14 09:34:31.600,101.16,101.165,101.16,3628,3669797050,,,63,30,2022-10-14 09:34:31.600,0
468,2022-10-14 09:34:32.100,101.16,101.165,101.16,3629,3670808650,,,63,22,2022-10-14 09:34:32.100,0
469,2022-10-14 09:34:32.600,101.16,101.165,101.16,3639,3680924650,,,63,34,2022-10-14 09:34:32.600,0
470,2022-10-14 09:34:33.100,101.16,101.165,101.16,3640,3681936250,,,63,33,2022-10-14 09:34:33.100,0
471,2022-10-14 09:34:34.100,101.16,101.165,101.16,3640,3681936250,,,63,34,2022-10-14 09:34:34.100,1
472,2022-10-14 09:34:34.600,101.16,101.16,101.155,3675,3717342250,,,15,106,2022-10-14 09:34:34.600,0
473,2022-10-14 09:34:35.100,101.16,101.16,101.155,3677,3719365450,,,21,55,2022-10-14 09:34:35.100,0
474,2022-10-14 09:34:35.600,101.155,101.16,101.155,3681,3723411650,,,24,46,2022-10-14 09:34:35.600,0
475,2022-10-14 09:34:36.100,101.155,101.16,101.155,3681,3723411650,,,22,45,2022-10-14 09:34:36.100,0
476,2022-10-14 09:34:36.600,101.155,101.16,101.155,3681,3723411650,,,29,45,2022-10-14 09:34:36.600,0
477,2022-10-14 09:34:37.100,101.155,101.16,101.155,3682,3724423200,,,29,45,2022-10-14 09:34:37.100,0
478,2022-10-14 09:34:37.600,101.155,101.16,101.155,3683,3725434750,,,81,44,2022-10-14 09:34:37.600,0
479,2022-10-14 09:34:38.100,101.155,101.16,101.155,3685,3727457850,,,86,29,2022-10-14 09:34:38.100,0
480,2022-10-14 09:34:38.600,101.155,101.16,101.155,3687,3729480950,,,83,22,2022-10-14 09:34:38.600,0
481,2022-10-14 09:34:39.100,101.155,101.16,101.155,3687,3729480950,,,83,32,2022-10-14 09:34:39.100,0
482,2022-10-14 09:34:39.600,101.155,101.16,101.155,3687,3729480950,,,83,34,2022-10-14 09:34:39.600,0
483,2022-10-14 09:34:40.100,101.155,101.16,101.155,3687,3729480950,,,83,35,2022-10-14 09:34:40.100,0
484,2022-10-14 09:34:40.600,101.155,101.16,101.155,3687,3729480950,,,83,36,2022-10-14 09:34:40.600,0
485,2022-10-14 09:34:41.100,101.155,101.16,101.155,3687,3729480950,,,83,57,2022-10-14 09:34:41.100,0
486,2022-10-14 09:34:41.600,101.155,101.16,101.155,3687,3729480950,,,83,58,2022-10-14 09:34:41.600,0
487,2022-10-14 09:34:42.100,101.16,101.165,101.155,3769,3812432150,,,111,77,2022-10-14 09:34:42.100,0
488,2022-10-14 09:34:42.600,101.16,101.165,101.16,3769,3812432150,,,70,19,2022-10-14 09:34:42.600,0
489,2022-10-14 09:34:43.100,101.16,101.165,101.16,3770,3813443750,,,60,38,2022-10-14 09:34:43.100,0
490,2022-10-14 09:34:43.600,101.16,101.165,101.16,3771,3814455350,,,60,38,2022-10-14 09:34:43.600,0
491,2022-10-14 09:34:44.100,101.16,101.165,101.16,3771,3814455350,,,60,34,2022-10-14 09:34:44.100,0
492,2022-10-14 09:34:44.600,101.16,101.165,101.16,3771,3814455350,,,60,33,2022-10-14 09:34:44.600,0
493,2022-10-14 09:34:45.100,101.16,101.165,101.16,3771,3814455350,,,60,30,2022-10-14 09:34:45.100,0
494,2022-10-14 09:34:45.600,101.16,101.165,101.16,3771,3814455350,,,59,30,2022-10-14 09:34:45.600,0
495,2022-10-14 09:34:46.600,101.16,101.165,101.16,3771,3814455350,,,64,30,2022-10-14 09:34:46.600,1
496,2022-10-14 09:34:49.100,101.16,101.165,101.16,3771,3814455350,,,64,33,2022-10-14 09:34:49.100,2
497,2022-10-14 09:34:53.100,101.16,101.165,101.16,3771,3814455350,,,64,34,2022-10-14 09:34:53.100,4
498,2022-10-14 09:34:54.100,101.16,101.165,101.16,3772,3815466950,,,64,33,2022-10-14 09:34:54.100,1
499,2022-10-14 09:34:55.100,101.165,101.165,101.16,3773,3816478600,,,63,33,2022-10-14 09:34:55.100,1
500,2022-10-14 09:34:56.100,101.165,101.165,101.16,3773,3816478600,,,63,55,2022-10-14 09:34:56.100,1
501,2022-10-14 09:34:56.600,101.165,101.165,101.16,3776,3819513450,,,62,56,2022-10-14 09:34:56.600,0
502,2022-10-14 09:34:57.100,101.16,101.165,101.16,3839,3883247350,,,1,55,2022-10-14 09:34:57.100,0
503,2022-10-14 09:34:57.600,101.16,101.17,101.165,3839,3883247350,,,95,13,2022-10-14 09:34:57.600,0
504,2022-10-14 09:34:58.100,101.165,101.17,101.165,3842,3886282300,,,55,11,2022-10-14 09:34:58.100,0
505,2022-10-14 09:34:58.600,101.165,101.17,101.165,3853,3897410450,,,55,3,2022-10-14 09:34:58.600,0
506,2022-10-14 09:34:59.100,101.165,101.165,101.16,3856,3900445400,,,5,101,2022-10-14 09:34:59.100,0
507,2022-10-14 09:34:59.600,101.165,101.165,101.16,3856,3900445400,,,8,61,2022-10-14 09:34:59.600,0
508,2022-10-14 09:35:00.600,101.165,101.17,101.165,3869,3913596850,,,95,3,2022-10-14 09:35:00.600,1
509,2022-10-14 09:35:01.100,101.165,101.17,101.165,3871,3915620150,,,54,23,2022-10-14 09:35:01.100,0
510,2022-10-14 09:35:01.600,101.16,101.165,101.16,3923,3968225100,,,13,84,2022-10-14 09:35:01.600,0
511,2022-10-14 09:35:02.100,101.165,101.165,101.16,3924,3969236750,,,30,44,2022-10-14 09:35:02.100,0
512,2022-10-14 09:35:02.600,101.165,101.165,101.16,3924,3969236750,,,25,44,2022-10-14 09:35:02.600,0
513,2022-10-14 09:35:03.100,101.165,101.165,101.16,3924,3969236750,,,23,53,2022-10-14 09:35:03.100,0
514,2022-10-14 09:35:03.600,101.165,101.165,101.16,3924,3969236750,,,23,54,2022-10-14 09:35:03.600,0
515,2022-10-14 09:35:04.100,101.165,101.165,101.16,3924,3969236750,,,18,54,2022-10-14 09:35:04.100,0
516,2022-10-14 09:35:04.600,101.165,101.165,101.16,3926,3971260050,,,5,59,2022-10-14 09:35:04.600,0
517,2022-10-14 09:35:05.100,101.165,101.165,101.16,3929,3974295000,,,2,59,2022-10-14 09:35:05.100,0
518,2022-10-14 09:35:05.600,101.165,101.165,101.16,3932,3977329950,,,3,61,2022-10-14 09:35:05.600,0
519,2022-10-14 09:35:06.100,101.165,101.165,101.16,3933,3978341600,,,8,60,2022-10-14 09:35:06.100,0
520,2022-10-14 09:35:06.600,101.165,101.165,101.16,3933,3978341600,,,15,60,2022-10-14 09:35:06.600,0
521,2022-10-14 09:35:07.100,101.165,101.165,101.16,3933,3978341600,,,16,60,2022-10-14 09:35:07.100,0
522,2022-10-14 09:35:08.600,101.165,101.165,101.16,3933,3978341600,,,16,56,2022-10-14 09:35:08.600,1
523,2022-10-14 09:35:09.100,101.165,101.165,101.16,3937,3982388200,,,12,57,2022-10-14 09:35:09.100,0
524,2022-10-14 09:35:09.600,101.165,101.165,101.16,3938,3983399850,,,10,57,2022-10-14 09:35:09.600,0
525,2022-10-14 09:35:11.100,101.165,101.17,101.165,3950,3995539650,,,177,10,2022-10-14 09:35:11.100,1
526,2022-10-14 09:35:11.600,101.165,101.17,101.165,3951,3996551300,,,117,15,2022-10-14 09:35:11.600,0
527,2022-10-14 09:35:12.100,101.165,101.17,101.165,3952,3997562950,,,117,17,2022-10-14 09:35:12.100,0
528,2022-10-14 09:35:12.600,101.165,101.17,101.165,3952,3997562950,,,117,9,2022-10-14 09:35:12.600,0
529,2022-10-14 09:35:13.100,101.165,101.17,101.165,3955,4000597900,,,117,6,2022-10-14 09:35:13.100,0
530,2022-10-14 09:35:13.600,101.165,101.165,101.16,3961,4006667800,,,3,97,2022-10-14 09:35:13.600,0
531,2022-10-14 09:35:14.100,101.165,101.165,101.16,3965,4010714400,,,9,56,2022-10-14 09:35:14.100,0
532,2022-10-14 09:35:14.600,101.165,101.165,101.16,3965,4010714400,,,12,61,2022-10-14 09:35:14.600,0
533,2022-10-14 09:35:15.100,101.165,101.165,101.16,3965,4010714400,,,9,62,2022-10-14 09:35:15.100,0
534,2022-10-14 09:35:15.600,101.165,101.165,101.16,3965,4010714400,,,4,64,2022-10-14 09:35:15.600,0
535,2022-10-14 09:35:16.100,101.165,101.165,101.16,3965,4010714400,,,4,63,2022-10-14 09:35:16.100,0
536,2022-10-14 09:35:16.600,101.16,101.165,101.16,3967,4012737600,,,9,61,2022-10-14 09:35:16.600,0
537,2022-10-14 09:35:17.100,101.16,101.165,101.16,3967,4012737600,,,33,48,2022-10-14 09:35:17.100,0
538,2022-10-14 09:35:17.600,101.16,101.165,101.16,3967,4012737600,,,39,42,2022-10-14 09:35:17.600,0
539,2022-10-14 09:35:18.100,101.16,101.165,101.16,3967,4012737600,,,36,42,2022-10-14 09:35:18.100,0
540,2022-10-14 09:35:18.600,101.16,101.165,101.16,3967,4012737600,,,36,43,2022-10-14 09:35:18.600,0
541,2022-10-14 09:35:19.100,101.16,101.165,101.16,3967,4012737600,,,36,44,2022-10-14 09:35:19.100,0
542,2022-10-14 09:35:19.600,101.16,101.165,101.16,3967,4012737600,,,37,44,2022-10-14 09:35:19.600,0
543,2022-10-14 09:35:20.100,101.16,101.165,101.16,3967,4012737600,,,38,43,2022-10-14 09:35:20.100,0
544,2022-10-14 09:35:24.100,101.165,101.165,101.16,3968,4013749250,,,38,43,2022-10-14 09:35:24.100,4
545,2022-10-14 09:35:24.600,101.165,101.165,101.16,3968,4013749250,,,38,44,2022-10-14 09:35:24.600,0
546,2022-10-14 09:35:26.100,101.165,101.165,101.16,3969,4014760900,,,37,44,2022-10-14 09:35:26.100,1
547,2022-10-14 09:35:28.100,101.165,101.165,101.16,3999,4045110400,,,12,44,2022-10-14 09:35:28.100,2
548,2022-10-14 09:35:28.600,101.165,101.165,101.16,4003,4049157000,,,9,61,2022-10-14 09:35:28.600,0
549,2022-10-14 09:35:29.100,101.165,101.165,101.16,4004,4050168650,,,8,60,2022-10-14 09:35:29.100,0
550,2022-10-14 09:35:29.600,101.165,101.165,101.16,4004,4050168650,,,9,60,2022-10-14 09:35:29.600,0
551,2022-10-14 09:35:30.100,101.165,101.165,101.16,4004,4050168650,,,12,60,2022-10-14 09:35:30.100,0
552,2022-10-14 09:35:32.100,101.165,101.17,101.165,4016,4062308450,,,178,7,2022-10-14 09:35:32.100,2
553,2022-10-14 09:35:32.600,101.165,101.17,101.165,4022,4068378350,,,117,6,2022-10-14 09:35:32.600,0
554,2022-10-14 09:35:33.100,101.165,101.165,101.16,4027,4073436600,,,5,101,2022-10-14 09:35:33.100,0
555,2022-10-14 09:35:33.600,101.165,101.165,101.16,4027,4073436600,,,13,60,2022-10-14 09:35:33.600,0
556,2022-10-14 09:35:34.100,101.165,101.165,101.16,4027,4073436600,,,15,60,2022-10-14 09:35:34.100,0
557,2022-10-14 09:35:34.600,101.165,101.165,101.16,4038,4084564750,,,3,66,2022-10-14 09:35:34.600,0
558,2022-10-14 09:35:35.100,101.165,101.17,101.165,4041,4087599700,,,177,1,2022-10-14 09:35:35.100,0
559,2022-10-14 09:35:35.600,101.165,101.17,101.165,4046,4092657950,,,116,1,2022-10-14 09:35:35.600,0
560,2022-10-14 09:35:36.100,101.165,101.17,101.165,4047,4093669600,,,116,4,2022-10-14 09:35:36.100,0
561,2022-10-14 09:35:36.600,101.165,101.17,101.165,4047,4093669600,,,117,1,2022-10-14 09:35:36.600,0
562,2022-10-14 09:35:37.100,101.165,101.165,101.16,4048,4094681250,,,9,107,2022-10-14 09:35:37.100,0
563,2022-10-14 09:35:37.600,101.165,101.165,101.16,4055,4101762800,,,9,66,2022-10-14 09:35:37.600,0
564,2022-10-14 09:35:38.100,101.165,101.165,101.16,4057,4103786100,,,11,96,2022-10-14 09:35:38.100,0
565,2022-10-14 09:35:38.600,101.165,101.165,101.16,4057,4103786100,,,12,99,2022-10-14 09:35:38.600,0
566,2022-10-14 09:35:39.100,101.165,101.165,101.16,4057,4103786100,,,12,97,2022-10-14 09:35:39.100,0
567,2022-10-14 09:35:39.600,101.165,101.165,101.16,4059,4105809400,,,10,97,2022-10-14 09:35:39.600,0
568,2022-10-14 09:35:40.100,101.165,101.165,101.16,4059,4105809400,,,10,96,2022-10-14 09:35:40.100,0
569,2022-10-14 09:35:40.600,101.16,101.165,101.16,4061,4107832600,,,10,94,2022-10-14 09:35:40.600,0
570,2022-10-14 09:35:41.100,101.16,101.165,101.16,4061,4107832600,,,11,94,2022-10-14 09:35:41.100,0
571,2022-10-14 09:35:41.600,101.16,101.165,101.16,4061,4107832600,,,16,94,2022-10-14 09:35:41.600,0
572,2022-10-14 09:35:42.100,101.16,101.165,101.16,4061,4107832600,,,22,94,2022-10-14 09:35:42.100,0
573,2022-10-14 09:35:42.600,101.16,101.165,101.16,4061,4107832600,,,23,94,2022-10-14 09:35:42.600,0
574,2022-10-14 09:35:43.100,101.16,101.165,101.16,4064,4110867400,,,20,92,2022-10-14 09:35:43.100,0
575,2022-10-14 09:35:44.600,101.16,101.165,101.16,4064,4110867400,,,25,92,2022-10-14 09:35:44.600,1
576,2022-10-14 09:35:45.100,101.16,101.165,101.16,4064,4110867400,,,31,93,2022-10-14 09:35:45.100,0
577,2022-10-14 09:35:45.600,101.16,101.165,101.16,4064,4110867400,,,36,83,2022-10-14 09:35:45.600,0
578,2022-10-14 09:35:46.100,101.16,101.165,101.16,4064,4110867400,,,36,76,2022-10-14 09:35:46.100,0
579,2022-10-14 09:35:46.600,101.16,101.165,101.16,4065,4111879000,,,36,75,2022-10-14 09:35:46.600,0
580,2022-10-14 09:35:49.100,101.165,101.165,101.16,4066,4112890650,,,35,75,2022-10-14 09:35:49.100,2
581,2022-10-14 09:35:51.600,101.16,101.165,101.16,4068,4114913850,,,36,73,2022-10-14 09:35:51.600,2
582,2022-10-14 09:35:53.600,101.165,101.165,101.16,4069,4115925500,,,35,73,2022-10-14 09:35:53.600,2
583,2022-10-14 09:35:54.100,101.165,101.165,101.16,4069,4115925500,,,36,72,2022-10-14 09:35:54.100,0
584,2022-10-14 09:35:54.600,101.16,101.165,101.16,4070,4116937100,,,36,71,2022-10-14 09:35:54.600,0
585,2022-10-14 09:35:56.100,101.165,101.165,101.16,4071,4117948750,,,35,71,2022-10-14 09:35:56.100,1
586,2022-10-14 09:35:57.600,101.16,101.165,101.16,4072,4118960350,,,35,70,2022-10-14 09:35:57.600,1
587,2022-10-14 09:35:58.100,101.165,101.165,101.16,4073,4119972000,,,34,70,2022-10-14 09:35:58.100,0
588,2022-10-14 09:35:58.600,101.165,101.165,101.16,4077,4124018600,,,30,70,2022-10-14 09:35:58.600,0
589,2022-10-14 09:35:59.100,101.165,101.165,101.16,4079,4126041850,,,53,69,2022-10-14 09:35:59.100,0
590,2022-10-14 09:35:59.600,101.165,101.165,101.16,4098,4145263200,,,35,69,2022-10-14 09:35:59.600,0
591,2022-10-14 09:36:00.100,101.165,101.165,101.16,4103,4150321450,,,30,69,2022-10-14 09:36:00.100,0
592,2022-10-14 09:36:00.600,101.165,101.165,101.16,4110,4157403000,,,23,70,2022-10-14 09:36:00.600,0
593,2022-10-14 09:36:02.100,101.165,101.165,101.16,4111,4158414650,,,22,70,2022-10-14 09:36:02.100,1
594,2022-10-14 09:36:02.600,101.165,101.165,101.16,4112,4159426300,,,21,70,2022-10-14 09:36:02.600,0
595,2022-10-14 09:36:03.100,101.165,101.165,101.16,4113,4160437950,,,20,70,2022-10-14 09:36:03.100,0
596,2022-10-14 09:36:04.100,101.16,101.165,101.16,4114,4161449550,,,20,69,2022-10-14 09:36:04.100,1
597,2022-10-14 09:36:04.600,101.16,101.165,101.16,4116,4163472750,,,20,67,2022-10-14 09:36:04.600,0
598,2022-10-14 09:36:05.600,101.16,101.165,101.16,4117,4164484350,,,20,66,2022-10-14 09:36:05.600,1
599,2022-10-14 09:36:06.100,101.16,101.165,101.16,4117,4164484350,,,20,76,2022-10-14 09:36:06.100,0
600,2022-10-14 09:36:08.100,101.16,101.165,101.16,4117,4164484350,,,20,77,2022-10-14 09:36:08.100,2
601,2022-10-14 09:36:08.600,101.16,101.165,101.16,4117,4164484350,,,20,78,2022-10-14 09:36:08.600,0
602,2022-10-14 09:36:09.100,101.165,101.165,101.16,4121,4168530950,,,16,78,2022-10-14 09:36:09.100,0
603,2022-10-14 09:36:10.100,101.165,101.165,101.16,4122,4169542600,,,15,78,2022-10-14 09:36:10.100,1
604,2022-10-14 09:36:10.600,101.165,101.17,101.165,4138,4185729000,,,172,8,2022-10-14 09:36:10.600,0
605,2022-10-14 09:36:11.100,101.165,101.17,101.165,4138,4185729000,,,112,25,2022-10-14 09:36:11.100,0
606,2022-10-14 09:36:11.600,101.165,101.17,101.165,4138,4185729000,,,112,37,2022-10-14 09:36:11.600,0
607,2022-10-14 09:36:12.100,101.165,101.17,101.165,4138,4185729000,,,112,35,2022-10-14 09:36:12.100,0
608,2022-10-14 09:36:12.600,101.17,101.17,101.165,4139,4186740700,,,112,29,2022-10-14 09:36:12.600,0
609,2022-10-14 09:36:13.100,101.165,101.17,101.165,4159,4206973700,,,112,8,2022-10-14 09:36:13.100,0
610,2022-10-14 09:36:13.600,101.165,101.165,101.16,4163,4211020300,,,6,139,2022-10-14 09:36:13.600,0
611,2022-10-14 09:36:14.100,101.165,101.165,101.16,4171,4219113500,,,8,78,2022-10-14 09:36:14.100,0
612,2022-10-14 09:36:14.600,101.165,101.165,101.16,4173,4221136800,,,11,84,2022-10-14 09:36:14.600,0
613,2022-10-14 09:36:15.100,101.165,101.165,101.16,4177,4225183400,,,2,84,2022-10-14 09:36:15.100,0
614,2022-10-14 09:36:15.600,101.165,101.17,101.165,4180,4228218350,,,172,3,2022-10-14 09:36:15.600,0
615,2022-10-14 09:36:16.100,101.165,101.17,101.165,4182,4230241650,,,111,11,2022-10-14 09:36:16.100,0
616,2022-10-14 09:36:16.600,101.165,101.17,101.165,4182,4230241650,,,112,15,2022-10-14 09:36:16.600,0
617,2022-10-14 09:36:17.100,101.165,101.17,101.165,4182,4230241650,,,112,19,2022-10-14 09:36:17.100,0
618,2022-10-14 09:36:17.600,101.165,101.17,101.165,4182,4230241650,,,112,20,2022-10-14 09:36:17.600,0
619,2022-10-14 09:36:18.100,101.165,101.165,101.16,4206,4254521250,,,26,144,2022-10-14 09:36:18.100,0
620,2022-10-14 09:36:18.600,101.165,101.165,101.16,4206,4254521250,,,35,84,2022-10-14 09:36:18.600,0
621,2022-10-14 09:36:19.100,101.165,101.165,101.16,4206,4254521250,,,48,84,2022-10-14 09:36:19.100,0
622,2022-10-14 09:36:19.600,101.165,101.165,101.16,4206,4254521250,,,46,79,2022-10-14 09:36:19.600,0
623,2022-10-14 09:36:20.100,101.165,101.165,101.16,4216,4264637750,,,36,68,2022-10-14 09:36:20.100,0
624,2022-10-14 09:36:20.600,101.165,101.165,101.16,4216,4264637750,,,30,68,2022-10-14 09:36:20.600,0
625,2022-10-14 09:36:21.600,101.165,101.165,101.16,4216,4264637750,,,36,69,2022-10-14 09:36:21.600,1
626,2022-10-14 09:36:22.100,101.165,101.165,101.16,4217,4265649400,,,40,67,2022-10-14 09:36:22.100,0
627,2022-10-14 09:36:22.600,101.16,101.165,101.16,4219,4267672600,,,40,65,2022-10-14 09:36:22.600,0
628,2022-10-14 09:36:24.100,101.16,101.16,101.155,4284,4333426600,,,3,108,2022-10-14 09:36:24.100,1
629,2022-10-14 09:36:24.600,101.16,101.16,101.155,4284,4333426600,,,18,42,2022-10-14 09:36:24.600,0
630,2022-10-14 09:36:25.100,101.16,101.16,101.155,4284,4333426600,,,24,42,2022-10-14 09:36:25.100,0
631,2022-10-14 09:36:25.600,101.16,101.16,101.155,4284,4333426600,,,23,43,2022-10-14 09:36:25.600,0
632,2022-10-14 09:36:26.100,101.16,101.16,101.155,4284,4333426600,,,23,42,2022-10-14 09:36:26.100,0
633,2022-10-14 09:36:27.600,101.16,101.16,101.155,4284,4333426600,,,28,42,2022-10-14 09:36:27.600,1
634,2022-10-14 09:36:28.100,101.16,101.16,101.155,4284,4333426600,,,33,27,2022-10-14 09:36:28.100,0
635,2022-10-14 09:36:28.600,101.16,101.16,101.155,4285,4334438200,,,34,27,2022-10-14 09:36:28.600,0
636,2022-10-14 09:36:30.100,101.155,101.16,101.155,4286,4335449750,,,34,26,2022-10-14 09:36:30.100,1
637,2022-10-14 09:36:30.600,101.155,101.16,101.155,4286,4335449750,,,33,26,2022-10-14 09:36:30.600,0
638,2022-10-14 09:36:31.100,101.155,101.16,101.155,4286,4335449750,,,33,27,2022-10-14 09:36:31.100,0
639,2022-10-14 09:36:32.100,101.155,101.16,101.155,4286,4335449750,,,33,48,2022-10-14 09:36:32.100,1
640,2022-10-14 09:36:32.600,101.155,101.16,101.155,4286,4335449750,,,21,48,2022-10-14 09:36:32.600,0
641,2022-10-14 09:36:33.100,101.155,101.16,101.155,4286,4335449750,,,22,54,2022-10-14 09:36:33.100,0
642,2022-10-14 09:36:34.100,101.155,101.16,101.155,4287,4336461300,,,22,53,2022-10-14 09:36:34.100,1
643,2022-10-14 09:36:35.100,101.155,101.16,101.155,4287,4336461300,,,23,53,2022-10-14 09:36:35.100,1
644,2022-10-14 09:36:36.100,101.155,101.16,101.155,4287,4336461300,,,17,53,2022-10-14 09:36:36.100,1
645,2022-10-14 09:36:40.100,101.155,101.16,101.155,4288,4337472850,,,17,52,2022-10-14 09:36:40.100,4
646,2022-10-14 09:36:41.100,101.155,101.16,101.155,4288,4337472850,,,27,52,2022-10-14 09:36:41.100,1
647,2022-10-14 09:36:41.600,101.155,101.16,101.155,4288,4337472850,,,28,52,2022-10-14 09:36:41.600,0
648,2022-10-14 09:36:42.600,101.155,101.16,101.155,4290,4339495950,,,28,50,2022-10-14 09:36:42.600,1
649,2022-10-14 09:36:43.100,101.155,101.16,101.155,4290,4339495950,,,34,50,2022-10-14 09:36:43.100,0
650,2022-10-14 09:36:43.600,101.155,101.16,101.155,4290,4339495950,,,34,51,2022-10-14 09:36:43.600,0
651,2022-10-14 09:36:44.100,101.155,101.16,101.155,4335,4385015700,,,36,7,2022-10-14 09:36:44.100,0
652,2022-10-14 09:36:44.600,101.155,101.155,101.15,4344,4394119650,,,2,158,2022-10-14 09:36:44.600,0
653,2022-10-14 09:36:45.100,101.155,101.16,101.15,4345,4395131200,,,79,97,2022-10-14 09:36:45.100,0
654,2022-10-14 09:36:45.600,101.155,101.16,101.155,4346,4396142750,,,62,9,2022-10-14 09:36:45.600,0
655,2022-10-14 09:36:46.100,101.155,101.16,101.155,4346,4396142750,,,49,18,2022-10-14 09:36:46.100,0
656,2022-10-14 09:36:46.600,101.155,101.16,101.155,4346,4396142750,,,49,15,2022-10-14 09:36:46.600,0
657,2022-10-14 09:36:47.600,101.155,101.16,101.155,4346,4396142750,,,49,16,2022-10-14 09:36:47.600,1
658,2022-10-14 09:36:48.600,101.155,101.16,101.155,4346,4396142750,,,49,22,2022-10-14 09:36:48.600,1
659,2022-10-14 09:36:49.100,101.155,101.16,101.155,4346,4396142750,,,49,24,2022-10-14 09:36:49.100,0
660,2022-10-14 09:36:49.600,101.155,101.16,101.155,4346,4396142750,,,39,24,2022-10-14 09:36:49.600,0
661,2022-10-14 09:36:50.100,101.155,101.16,101.155,4346,4396142750,,,33,24,2022-10-14 09:36:50.100,0
662,2022-10-14 09:36:50.600,101.155,101.16,101.155,4346,4396142750,,,33,39,2022-10-14 09:36:50.600,0
663,2022-10-14 09:36:51.100,101.16,101.165,101.155,4368,4418397950,,,72,40,2022-10-14 09:36:51.100,0
664,2022-10-14 09:36:51.600,101.16,101.165,101.16,4369,4419409550,,,41,13,2022-10-14 09:36:51.600,0
665,2022-10-14 09:36:52.100,101.16,101.165,101.16,4369,4419409550,,,31,16,2022-10-14 09:36:52.100,0
666,2022-10-14 09:36:52.600,101.16,101.165,101.16,4369,4419409550,,,31,15,2022-10-14 09:36:52.600,0
667,2022-10-14 09:36:53.100,101.16,101.165,101.16,4369,4419409550,,,34,14,2022-10-14 09:36:53.100,0
668,2022-10-14 09:36:53.600,101.16,101.165,101.16,4369,4419409550,,,36,13,2022-10-14 09:36:53.600,0
669,2022-10-14 09:36:54.100,101.16,101.165,101.16,4369,4419409550,,,36,4,2022-10-14 09:36:54.100,0
670,2022-10-14 09:36:54.600,101.16,101.165,101.16,4373,4423455950,,,35,2,2022-10-14 09:36:54.600,0
671,2022-10-14 09:36:55.100,101.16,101.16,101.155,4375,4425479150,,,5,79,2022-10-14 09:36:55.100,0
672,2022-10-14 09:36:55.600,101.16,101.16,101.155,4378,4428513950,,,5,50,2022-10-14 09:36:55.600,0
673,2022-10-14 09:36:56.100,101.16,101.16,101.155,4380,4430537150,,,3,48,2022-10-14 09:36:56.100,0
674,2022-10-14 09:36:56.600,101.16,101.16,101.155,4383,4433571950,,,21,48,2022-10-14 09:36:56.600,0
675,2022-10-14 09:36:57.100,101.16,101.16,101.155,4383,4433571950,,,22,51,2022-10-14 09:36:57.100,0
676,2022-10-14 09:36:57.600,101.16,101.16,101.155,4383,4433571950,,,22,52,2022-10-14 09:36:57.600,0
677,2022-10-14 09:36:58.600,101.16,101.16,101.155,4383,4433571950,,,22,51,2022-10-14 09:36:58.600,1
678,2022-10-14 09:36:59.100,101.16,101.16,101.155,4388,4438629950,,,17,51,2022-10-14 09:36:59.100,0
679,2022-10-14 09:36:59.600,101.16,101.16,101.155,4388,4438629950,,,37,51,2022-10-14 09:36:59.600,0
680,2022-10-14 09:37:00.100,101.16,101.16,101.155,4388,4438629950,,,38,49,2022-10-14 09:37:00.100,0
681,2022-10-14 09:37:00.600,101.155,101.16,101.155,4389,4439641500,,,38,40,2022-10-14 09:37:00.600,0
682,2022-10-14 09:37:01.100,101.155,101.16,101.155,4389,4439641500,,,49,38,2022-10-14 09:37:01.100,0
683,2022-10-14 09:37:01.600,101.16,101.16,101.155,4390,4440653100,,,48,29,2022-10-14 09:37:01.600,0
684,2022-10-14 09:37:03.100,101.155,101.16,101.155,4391,4441664650,,,48,28,2022-10-14 09:37:03.100,1
685,2022-10-14 09:37:03.600,101.155,101.16,101.155,4393,4443687750,,,48,26,2022-10-14 09:37:03.600,0
686,2022-10-14 09:37:04.100,101.155,101.16,101.155,4393,4443687750,,,63,26,2022-10-14 09:37:04.100,0
687,2022-10-14 09:37:04.600,101.155,101.16,101.155,4393,4443687750,,,64,26,2022-10-14 09:37:04.600,0
688,2022-10-14 09:37:06.100,101.155,101.16,101.155,4393,4443687750,,,104,26,2022-10-14 09:37:06.100,1
689,2022-10-14 09:37:06.600,101.155,101.16,101.155,4393,4443687750,,,117,20,2022-10-14 09:37:06.600,0
690,2022-10-14 09:37:07.100,101.155,101.16,101.155,4393,4443687750,,,119,10,2022-10-14 09:37:07.100,0
691,2022-10-14 09:37:07.600,101.155,101.155,101.15,4403,4453803250,,,1,158,2022-10-14 09:37:07.600,0
692,2022-10-14 09:37:08.100,101.155,101.155,101.15,4405,4455826350,,,2,99,2022-10-14 09:37:08.100,0
693,2022-10-14 09:37:08.600,101.155,101.155,101.15,4408,4458861000,,,3,99,2022-10-14 09:37:08.600,0
694,2022-10-14 09:37:09.100,101.155,101.16,101.155,4412,4462907200,,,181,10,2022-10-14 09:37:09.100,0
695,2022-10-14 09:37:09.600,101.155,101.16,101.155,4413,4463918750,,,120,10,2022-10-14 09:37:09.600,0
696,2022-10-14 09:37:10.600,101.155,101.16,101.155,4413,4463918750,,,121,10,2022-10-14 09:37:10.600,1
697,2022-10-14 09:37:12.600,101.155,101.16,101.155,4413,4463918750,,,120,15,2022-10-14 09:37:12.600,2
698,2022-10-14 09:37:13.100,101.155,101.16,101.155,4414,4464930300,,,120,16,2022-10-14 09:37:13.100,0
699,2022-10-14 09:37:13.600,101.155,101.16,101.155,4414,4464930300,,,120,15,2022-10-14 09:37:13.600,0
700,2022-10-14 09:37:14.600,101.155,101.16,101.155,4414,4464930300,,,130,15,2022-10-14 09:37:14.600,1
701,2022-10-14 09:37:15.600,101.155,101.16,101.155,4414,4464930300,,,130,16,2022-10-14 09:37:15.600,1
702,2022-10-14 09:37:16.100,101.155,101.155,101.15,4430,4481115100,,,4,159,2022-10-14 09:37:16.100,0
703,2022-10-14 09:37:16.600,101.155,101.155,101.15,4434,4485161300,,,5,98,2022-10-14 09:37:16.600,0
704,2022-10-14 09:37:17.100,101.155,101.155,101.15,4434,4485161300,,,9,98,2022-10-14 09:37:17.100,0
705,2022-10-14 09:37:17.600,101.155,101.155,101.15,4434,4485161300,,,6,98,2022-10-14 09:37:17.600,0
706,2022-10-14 09:37:18.100,101.15,101.155,101.15,4474,4525621300,,,20,57,2022-10-14 09:37:18.100,0
707,2022-10-14 09:37:18.600,101.155,101.155,101.15,4480,4531690550,,,44,55,2022-10-14 09:37:18.600,0
708,2022-10-14 09:37:19.100,101.155,101.155,101.15,4480,4531690550,,,50,55,2022-10-14 09:37:19.100,0
709,2022-10-14 09:37:19.600,101.15,101.155,101.15,4481,4532702050,,,47,55,2022-10-14 09:37:19.600,0
710,2022-10-14 09:37:20.100,101.15,101.155,101.15,4482,4533713550,,,47,54,2022-10-14 09:37:20.100,0
711,2022-10-14 09:37:20.600,101.15,101.155,101.15,4483,4534725050,,,42,53,2022-10-14 09:37:20.600,0
712,2022-10-14 09:37:21.600,101.15,101.155,101.15,4484,4535736550,,,42,52,2022-10-14 09:37:21.600,1
713,2022-10-14 09:37:24.600,101.15,101.155,101.15,4509,4561024050,,,42,27,2022-10-14 09:37:24.600,3
714,2022-10-14 09:37:25.100,101.15,101.15,101.145,4536,4588334550,,,11,132,2022-10-14 09:37:25.100,0
715,2022-10-14 09:37:25.600,101.15,101.15,101.145,4536,4588334550,,,7,67,2022-10-14 09:37:25.600,0
716,2022-10-14 09:37:26.100,101.15,101.15,101.145,4536,4588334550,,,4,67,2022-10-14 09:37:26.100,0
717,2022-10-14 09:37:26.600,101.15,101.15,101.145,4536,4588334550,,,1,67,2022-10-14 09:37:26.600,0
718,2022-10-14 09:37:27.600,101.15,101.15,101.145,4536,4588334550,,,3,67,2022-10-14 09:37:27.600,1
719,2022-10-14 09:37:28.100,101.15,101.155,101.145,4540,4592380550,,,74,67,2022-10-14 09:37:28.100,0
720,2022-10-14 09:37:28.600,101.15,101.155,101.15,4540,4592380550,,,53,7,2022-10-14 09:37:28.600,0
721,2022-10-14 09:37:29.100,101.15,101.155,101.15,4540,4592380550,,,49,13,2022-10-14 09:37:29.100,0
722,2022-10-14 09:37:29.600,101.15,101.155,101.15,4540,4592380550,,,49,7,2022-10-14 09:37:29.600,0
723,2022-10-14 09:37:30.600,101.15,101.155,101.15,4540,4592380550,,,47,8,2022-10-14 09:37:30.600,1
724,2022-10-14 09:37:31.100,101.15,101.155,101.15,4540,4592380550,,,47,9,2022-10-14 09:37:31.100,0
725,2022-10-14 09:37:32.100,101.15,101.155,101.15,4540,4592380550,,,47,10,2022-10-14 09:37:32.100,1
726,2022-10-14 09:37:32.600,101.15,101.155,101.15,4540,4592380550,,,47,11,2022-10-14 09:37:32.600,0
727,2022-10-14 09:37:34.100,101.15,101.155,101.15,4540,4592380550,,,47,12,2022-10-14 09:37:34.100,1
728,2022-10-14 09:37:34.600,101.15,101.155,101.15,4541,4593392050,,,47,11,2022-10-14 09:37:34.600,0
729,2022-10-14 09:37:35.100,101.155,101.155,101.15,4542,4594403600,,,46,11,2022-10-14 09:37:35.100,0
730,2022-10-14 09:37:35.600,101.155,101.155,101.15,4542,4594403600,,,44,19,2022-10-14 09:37:35.600,0
731,2022-10-14 09:37:36.100,101.155,101.155,101.15,4542,4594403600,,,44,21,2022-10-14 09:37:36.100,0
732,2022-10-14 09:37:36.600,101.155,101.155,101.15,4542,4594403600,,,44,25,2022-10-14 09:37:36.600,0
733,2022-10-14 09:37:37.100,101.155,101.155,101.15,4542,4594403600,,,28,42,2022-10-14 09:37:37.100,0
734,2022-10-14 09:37:37.600,101.155,101.16,101.155,4563,4615646150,,,187,9,2022-10-14 09:37:37.600,0
735,2022-10-14 09:37:38.100,101.155,101.16,101.155,4563,4615646150,,,131,16,2022-10-14 09:37:38.100,0
736,2022-10-14 09:37:38.600,101.155,101.16,101.155,4565,4617669250,,,131,15,2022-10-14 09:37:38.600,0
737,2022-10-14 09:37:39.100,101.155,101.16,101.155,4565,4617669250,,,131,3,2022-10-14 09:37:39.100,0
738,2022-10-14 09:37:39.600,101.155,101.155,101.15,4567,4619692350,,,5,78,2022-10-14 09:37:39.600,0
739,2022-10-14 09:37:40.100,101.155,101.155,101.15,4569,4621715450,,,8,50,2022-10-14 09:37:40.100,0
740,2022-10-14 09:37:40.600,101.155,101.155,101.15,4579,4631830950,,,2,48,2022-10-14 09:37:40.600,0
741,2022-10-14 09:37:41.100,101.155,101.16,101.155,4581,4633854050,,,191,1,2022-10-14 09:37:41.100,0
742,2022-10-14 09:37:41.600,101.155,101.155,101.15,4590,4642958000,,,7,81,2022-10-14 09:37:41.600,0
743,2022-10-14 09:37:42.100,101.155,101.155,101.15,4591,4643969550,,,14,52,2022-10-14 09:37:42.100,0
744,2022-10-14 09:37:42.600,101.155,101.155,101.15,4591,4643969550,,,12,52,2022-10-14 09:37:42.600,0
745,2022-10-14 09:37:43.100,101.155,101.155,101.15,4591,4643969550,,,9,52,2022-10-14 09:37:43.100,0
746,2022-10-14 09:37:43.600,101.155,101.155,101.15,4591,4643969550,,,5,52,2022-10-14 09:37:43.600,0
747,2022-10-14 09:37:44.100,101.155,101.155,101.15,4591,4643969550,,,5,49,2022-10-14 09:37:44.100,0
748,2022-10-14 09:37:44.600,101.155,101.155,101.15,4591,4643969550,,,14,49,2022-10-14 09:37:44.600,0
749,2022-10-14 09:37:45.600,101.15,101.155,101.15,4592,4644981050,,,21,48,2022-10-14 09:37:45.600,1
750,2022-10-14 09:37:46.100,101.15,101.155,101.15,4592,4644981050,,,22,46,2022-10-14 09:37:46.100,0
751,2022-10-14 09:37:46.600,101.15,101.155,101.15,4592,4644981050,,,24,46,2022-10-14 09:37:46.600,0
752,2022-10-14 09:37:47.100,101.15,101.155,101.15,4592,4644981050,,,24,44,2022-10-14 09:37:47.100,0
753,2022-10-14 09:37:48.100,101.15,101.155,101.15,4592,4644981050,,,24,94,2022-10-14 09:37:48.100,1
754,2022-10-14 09:37:48.600,101.155,101.155,101.15,4593,4645992600,,,13,97,2022-10-14 09:37:48.600,0
755,2022-10-14 09:37:49.100,101.15,101.155,101.15,4594,4647004100,,,4,93,2022-10-14 09:37:49.100,0
756,2022-10-14 09:37:49.600,101.15,101.155,101.15,4599,4652061600,,,7,88,2022-10-14 09:37:49.600,0
757,2022-10-14 09:37:50.100,101.15,101.155,101.15,4599,4652061600,,,19,88,2022-10-14 09:37:50.100,0
758,2022-10-14 09:37:50.600,101.15,101.155,101.15,4599,4652061600,,,21,88,2022-10-14 09:37:50.600,0
759,2022-10-14 09:37:51.100,101.15,101.155,101.15,4599,4652061600,,,22,88,2022-10-14 09:37:51.100,0
760,2022-10-14 09:37:51.600,101.15,101.155,101.15,4599,4652061600,,,23,88,2022-10-14 09:37:51.600,0
761,2022-10-14 09:37:53.100,101.15,101.155,101.15,4599,4652061600,,,24,88,2022-10-14 09:37:53.100,1
762,2022-10-14 09:37:53.600,101.15,101.155,101.15,4599,4652061600,,,29,88,2022-10-14 09:37:53.600,0
763,2022-10-14 09:37:54.100,101.15,101.155,101.15,4599,4652061600,,,24,88,2022-10-14 09:37:54.100,0
764,2022-10-14 09:37:54.600,101.15,101.155,101.15,4599,4652061600,,,23,90,2022-10-14 09:37:54.600,0
765,2022-10-14 09:37:58.100,101.15,101.155,101.15,4600,4653073100,,,23,89,2022-10-14 09:37:58.100,3
766,2022-10-14 09:37:59.600,101.15,101.155,101.15,4600,4653073100,,,23,88,2022-10-14 09:37:59.600,1
767,2022-10-14 09:38:01.600,101.15,101.155,101.15,4601,4654084600,,,23,87,2022-10-14 09:38:01.600,2
768,2022-10-14 09:38:02.600,101.15,101.155,101.15,4601,4654084600,,,23,88,2022-10-14 09:38:02.600,1
769,2022-10-14 09:38:04.100,101.15,101.155,101.15,4601,4654084600,,,23,89,2022-10-14 09:38:04.100,1
770,2022-10-14 09:38:06.600,101.155,101.155,101.15,4606,4659142350,,,18,89,2022-10-14 09:38:06.600,2
771,2022-10-14 09:38:07.100,101.15,101.155,101.15,4608,4661165350,,,19,87,2022-10-14 09:38:07.100,0
772,2022-10-14 09:38:07.600,101.15,101.155,101.15,4608,4661165350,,,20,88,2022-10-14 09:38:07.600,0
773,2022-10-14 09:38:09.600,101.15,101.155,101.15,4608,4661165350,,,35,88,2022-10-14 09:38:09.600,2
774,2022-10-14 09:38:10.100,101.15,101.155,101.15,4608,4661165350,,,35,85,2022-10-14 09:38:10.100,0
775,2022-10-14 09:38:11.100,101.15,101.155,101.15,4608,4661165350,,,40,85,2022-10-14 09:38:11.100,1
776,2022-10-14 09:38:11.600,101.15,101.155,101.15,4608,4661165350,,,46,76,2022-10-14 09:38:11.600,0
777,2022-10-14 09:38:12.100,101.15,101.155,101.15,4609,4662176850,,,46,69,2022-10-14 09:38:12.100,0
778,2022-10-14 09:38:12.600,101.145,101.15,101.145,4679,4732981800,,,11,128,2022-10-14 09:38:12.600,0
779,2022-10-14 09:38:13.100,101.145,101.15,101.145,4680,4733993250,,,28,67,2022-10-14 09:38:13.100,0
780,2022-10-14 09:38:13.600,101.145,101.15,101.145,4680,4733993250,,,33,67,2022-10-14 09:38:13.600,0
781,2022-10-14 09:38:14.100,101.145,101.15,101.145,4680,4733993250,,,28,67,2022-10-14 09:38:14.100,0
782,2022-10-14 09:38:14.600,101.145,101.15,101.145,4680,4733993250,,,20,67,2022-10-14 09:38:14.600,0
783,2022-10-14 09:38:15.100,101.145,101.15,101.145,4680,4733993250,,,18,67,2022-10-14 09:38:15.100,0
784,2022-10-14 09:38:15.600,101.145,101.15,101.145,4685,4739050500,,,4,62,2022-10-14 09:38:15.600,0
785,2022-10-14 09:38:16.100,101.145,101.15,101.145,4685,4739050500,,,11,62,2022-10-14 09:38:16.100,0
786,2022-10-14 09:38:16.600,101.145,101.15,101.145,4685,4739050500,,,11,61,2022-10-14 09:38:16.600,0
787,2022-10-14 09:38:17.100,101.145,101.15,101.145,4685,4739050500,,,13,61,2022-10-14 09:38:17.100,0
788,2022-10-14 09:38:19.100,101.145,101.15,101.145,4685,4739050500,,,13,62,2022-10-14 09:38:19.100,2
789,2022-10-14 09:38:23.600,101.145,101.15,101.145,4688,4742084850,,,13,59,2022-10-14 09:38:23.600,4
790,2022-10-14 09:38:24.600,101.145,101.15,101.145,4688,4742084850,,,13,60,2022-10-14 09:38:24.600,1
791,2022-10-14 09:38:25.600,101.145,101.15,101.145,4688,4742084850,,,14,64,2022-10-14 09:38:25.600,1
792,2022-10-14 09:38:26.600,101.145,101.15,101.145,4688,4742084850,,,16,64,2022-10-14 09:38:26.600,1
793,2022-10-14 09:38:27.100,101.145,101.15,101.145,4688,4742084850,,,17,64,2022-10-14 09:38:27.100,0
794,2022-10-14 09:38:28.100,101.145,101.15,101.145,4689,4743096300,,,17,63,2022-10-14 09:38:28.100,1
795,2022-10-14 09:38:29.600,101.15,101.15,101.145,4690,4744107800,,,16,63,2022-10-14 09:38:29.600,1
796,2022-10-14 09:38:31.100,101.15,101.15,101.145,4691,4745119300,,,15,63,2022-10-14 09:38:31.100,1
797,2022-10-14 09:38:32.100,101.15,101.15,101.145,4692,4746130800,,,14,63,2022-10-14 09:38:32.100,1
798,2022-10-14 09:38:32.600,101.15,101.155,101.145,4706,4760291800,,,91,63,2022-10-14 09:38:32.600,0
799,2022-10-14 09:38:33.100,101.15,101.155,101.145,4708,4762314800,,,68,63,2022-10-14 09:38:33.100,0
800,2022-10-14 09:38:33.600,101.15,101.15,101.145,4708,4762314800,,,6,63,2022-10-14 09:38:33.600,0
801,2022-10-14 09:38:34.100,101.15,101.15,101.145,4714,4768383800,,,5,63,2022-10-14 09:38:34.100,0
802,2022-10-14 09:38:34.600,101.15,101.155,101.145,4722,4776475800,,,83,63,2022-10-14 09:38:34.600,0
803,2022-10-14 09:38:35.100,101.15,101.155,101.15,4722,4776475800,,,62,15,2022-10-14 09:38:35.100,0
804,2022-10-14 09:38:35.600,101.15,101.155,101.15,4724,4778498800,,,52,18,2022-10-14 09:38:35.600,0
805,2022-10-14 09:38:36.100,101.15,101.155,101.15,4724,4778498800,,,42,15,2022-10-14 09:38:36.100,0
806,2022-10-14 09:38:37.600,101.15,101.155,101.15,4724,4778498800,,,38,16,2022-10-14 09:38:37.600,1
807,2022-10-14 09:38:38.100,101.15,101.155,101.15,4724,4778498800,,,38,18,2022-10-14 09:38:38.100,0
808,2022-10-14 09:38:38.600,101.15,101.155,101.15,4724,4778498800,,,37,25,2022-10-14 09:38:38.600,0
809,2022-10-14 09:38:39.100,101.15,101.155,101.15,4724,4778498800,,,38,26,2022-10-14 09:38:39.100,0
810,2022-10-14 09:38:39.600,101.15,101.155,101.15,4739,4793671300,,,23,11,2022-10-14 09:38:39.600,0
811,2022-10-14 09:38:40.100,101.15,101.155,101.15,4739,4793671300,,,32,16,2022-10-14 09:38:40.100,0
812,2022-10-14 09:38:40.600,101.15,101.155,101.15,4739,4793671300,,,39,20,2022-10-14 09:38:40.600,0
813,2022-10-14 09:38:41.100,101.15,101.155,101.15,4739,4793671300,,,32,25,2022-10-14 09:38:41.100,0
814,2022-10-14 09:38:41.600,101.15,101.155,101.15,4739,4793671300,,,34,28,2022-10-14 09:38:41.600,0
815,2022-10-14 09:38:42.600,101.15,101.155,101.15,4739,4793671300,,,28,28,2022-10-14 09:38:42.600,1
816,2022-10-14 09:38:43.100,101.15,101.155,101.15,4739,4793671300,,,26,30,2022-10-14 09:38:43.100,0
817,2022-10-14 09:38:43.600,101.15,101.155,101.15,4739,4793671300,,,24,30,2022-10-14 09:38:43.600,0
818,2022-10-14 09:38:44.100,101.15,101.155,101.15,4739,4793671300,,,64,33,2022-10-14 09:38:44.100,0
819,2022-10-14 09:38:44.600,101.15,101.155,101.15,4739,4793671300,,,67,32,2022-10-14 09:38:44.600,0
820,2022-10-14 09:38:45.100,101.15,101.155,101.15,4742,4796705800,,,64,27,2022-10-14 09:38:45.100,0
821,2022-10-14 09:38:47.100,101.15,101.155,101.15,4742,4796705800,,,64,24,2022-10-14 09:38:47.100,2
822,2022-10-14 09:38:47.600,101.15,101.155,101.15,4742,4796705800,,,64,25,2022-10-14 09:38:47.600,0
823,2022-10-14 09:38:48.100,101.15,101.155,101.15,4742,4796705800,,,64,24,2022-10-14 09:38:48.100,0
824,2022-10-14 09:38:48.600,101.15,101.155,101.15,4742,4796705800,,,64,25,2022-10-14 09:38:48.600,0
825,2022-10-14 09:38:50.100,101.15,101.155,101.15,4752,4806820800,,,65,15,2022-10-14 09:38:50.100,1
826,2022-10-14 09:38:50.600,101.15,101.155,101.145,4767,4821993300,,,71,142,2022-10-14 09:38:50.600,0
827,2022-10-14 09:38:51.100,101.15,101.15,101.145,4778,4833119800,,,20,82,2022-10-14 09:38:51.100,0
828,2022-10-14 09:38:51.600,101.15,101.15,101.145,4778,4833119800,,,30,82,2022-10-14 09:38:51.600,0
829,2022-10-14 09:38:52.100,101.15,101.15,101.145,4778,4833119800,,,27,82,2022-10-14 09:38:52.100,0
830,2022-10-14 09:38:53.100,101.15,101.15,101.145,4778,4833119800,,,24,82,2022-10-14 09:38:53.100,1
831,2022-10-14 09:38:53.600,101.15,101.15,101.145,4778,4833119800,,,23,82,2022-10-14 09:38:53.600,0
832,2022-10-14 09:38:54.100,101.15,101.15,101.145,4778,4833119800,,,23,81,2022-10-14 09:38:54.100,0
833,2022-10-14 09:39:00.600,101.15,101.15,101.145,4778,4833119800,,,4,92,2022-10-14 09:39:00.600,6
834,2022-10-14 09:39:01.100,101.15,101.155,101.15,4782,4837165800,,,63,20,2022-10-14 09:39:01.100,0
835,2022-10-14 09:39:01.600,101.15,101.155,101.15,4782,4837165800,,,30,31,2022-10-14 09:39:01.600,0
836,2022-10-14 09:39:02.100,101.155,101.155,101.15,4783,4838177350,,,27,36,2022-10-14 09:39:02.100,0
837,2022-10-14 09:39:02.600,101.155,101.155,101.15,4783,4838177350,,,21,36,2022-10-14 09:39:02.600,0
838,2022-10-14 09:39:03.100,101.155,101.155,101.15,4783,4838177350,,,23,41,2022-10-14 09:39:03.100,0
839,2022-10-14 09:39:03.600,101.155,101.155,101.15,4783,4838177350,,,21,42,2022-10-14 09:39:03.600,0
840,2022-10-14 09:39:04.100,101.155,101.155,101.15,4786,4841212000,,,11,42,2022-10-14 09:39:04.100,0
841,2022-10-14 09:39:04.600,101.155,101.155,101.15,4786,4841212000,,,9,42,2022-10-14 09:39:04.600,0
842,2022-10-14 09:39:05.100,101.15,101.155,101.15,4796,4851327000,,,9,32,2022-10-14 09:39:05.100,0
843,2022-10-14 09:39:05.600,101.15,101.155,101.15,4796,4851327000,,,17,31,2022-10-14 09:39:05.600,0
844,2022-10-14 09:39:06.100,101.15,101.155,101.15,4796,4851327000,,,23,31,2022-10-14 09:39:06.100,0
845,2022-10-14 09:39:09.600,101.15,101.155,101.15,4796,4851327000,,,24,31,2022-10-14 09:39:09.600,3
846,2022-10-14 09:39:10.100,101.15,101.155,101.15,4796,4851327000,,,24,32,2022-10-14 09:39:10.100,0
847,2022-10-14 09:39:11.100,101.15,101.155,101.15,4806,4861442000,,,30,22,2022-10-14 09:39:11.100,1
848,2022-10-14 09:39:11.600,101.15,101.155,101.15,4810,4865488000,,,30,7,2022-10-14 09:39:11.600,0
849,2022-10-14 09:39:12.100,101.15,101.155,101.15,4810,4865488000,,,32,8,2022-10-14 09:39:12.100,0
850,2022-10-14 09:39:12.600,101.15,101.155,101.15,4810,4865488000,,,33,11,2022-10-14 09:39:12.600,0
851,2022-10-14 09:39:13.100,101.15,101.155,101.15,4810,4865488000,,,33,19,2022-10-14 09:39:13.100,0
852,2022-10-14 09:39:13.600,101.15,101.155,101.15,4810,4865488000,,,26,33,2022-10-14 09:39:13.600,0
853,2022-10-14 09:39:14.100,101.15,101.155,101.15,4815,4870545500,,,26,29,2022-10-14 09:39:14.100,0
854,2022-10-14 09:39:14.600,101.15,101.15,101.145,4843,4898867500,,,12,144,2022-10-14 09:39:14.600,0
855,2022-10-14 09:39:15.100,101.15,101.155,101.15,4862,4918086000,,,45,1,2022-10-14 09:39:15.100,0
856,2022-10-14 09:39:15.600,101.15,101.155,101.15,4865,4921120500,,,35,15,2022-10-14 09:39:15.600,0
857,2022-10-14 09:39:16.100,101.15,101.155,101.15,4875,4931235500,,,36,9,2022-10-14 09:39:16.100,0
858,2022-10-14 09:39:16.600,101.15,101.155,101.145,4884,4940339000,,,40,144,2022-10-14 09:39:16.600,0
859,2022-10-14 09:39:17.100,101.15,101.15,101.145,4886,4942362000,,,11,93,2022-10-14 09:39:17.100,0
860,2022-10-14 09:39:17.600,101.15,101.15,101.145,4886,4942362000,,,16,93,2022-10-14 09:39:17.600,0
861,2022-10-14 09:39:18.100,101.145,101.15,101.145,4891,4947419250,,,19,88,2022-10-14 09:39:18.100,0
862,2022-10-14 09:39:18.600,101.145,101.15,101.145,4891,4947419250,,,20,89,2022-10-14 09:39:18.600,0
863,2022-10-14 09:39:19.100,101.145,101.15,101.145,4891,4947419250,,,21,89,2022-10-14 09:39:19.100,0
864,2022-10-14 09:39:19.600,101.145,101.15,101.145,4891,4947419250,,,31,89,2022-10-14 09:39:19.600,0
865,2022-10-14 09:39:20.100,101.145,101.15,101.145,4891,4947419250,,,31,79,2022-10-14 09:39:20.100,0
866,2022-10-14 09:39:20.600,101.145,101.15,101.145,4891,4947419250,,,31,78,2022-10-14 09:39:20.600,0
867,2022-10-14 09:39:21.100,101.15,101.155,101.15,4939,4995971250,,,82,2,2022-10-14 09:39:21.100,0
868,2022-10-14 09:39:21.600,101.15,101.155,101.15,4945,5002040250,,,41,4,2022-10-14 09:39:21.600,0
869,2022-10-14 09:39:22.100,101.15,101.155,101.15,4945,5002040250,,,41,3,2022-10-14 09:39:22.100,0
870,2022-10-14 09:39:22.600,101.15,101.155,101.15,4948,5005074750,,,44,6,2022-10-14 09:39:22.600,0
871,2022-10-14 09:39:23.100,101.15,101.155,101.15,4948,5005074750,,,44,1,2022-10-14 09:39:23.100,0
872,2022-10-14 09:39:23.600,101.15,101.155,101.15,4948,5005074750,,,48,1,2022-10-14 09:39:23.600,0
873,2022-10-14 09:39:24.100,101.15,101.155,101.15,4948,5005074750,,,47,1,2022-10-14 09:39:24.100,0
874,2022-10-14 09:39:25.100,101.15,101.155,101.15,4948,5005074750,,,47,4,2022-10-14 09:39:25.100,1
875,2022-10-14 09:39:25.600,101.15,101.155,101.15,4948,5005074750,,,88,4,2022-10-14 09:39:25.600,0
876,2022-10-14 09:39:26.100,101.15,101.15,101.145,4952,5009120750,,,4,121,2022-10-14 09:39:26.100,0
877,2022-10-14 09:39:26.600,101.15,101.15,101.145,4952,5009120750,,,12,80,2022-10-14 09:39:26.600,0
878,2022-10-14 09:39:27.100,101.15,101.15,101.145,4953,5010132250,,,12,80,2022-10-14 09:39:27.100,0
879,2022-10-14 09:39:27.600,101.145,101.15,101.145,4957,5014178050,,,13,77,2022-10-14 09:39:27.600,0
880,2022-10-14 09:39:28.100,101.145,101.15,101.145,4957,5014178050,,,29,76,2022-10-14 09:39:28.100,0
881,2022-10-14 09:39:28.600,101.145,101.15,101.145,4957,5014178050,,,31,76,2022-10-14 09:39:28.600,0
882,2022-10-14 09:39:29.100,101.145,101.15,101.145,4957,5014178050,,,34,76,2022-10-14 09:39:29.100,0
883,2022-10-14 09:39:31.100,101.145,101.15,101.145,4958,5015189500,,,34,75,2022-10-14 09:39:31.100,2
884,2022-10-14 09:39:34.100,101.145,101.15,101.145,4958,5015189500,,,33,75,2022-10-14 09:39:34.100,3
885,2022-10-14 09:39:36.100,101.145,101.15,101.145,4958,5015189500,,,34,75,2022-10-14 09:39:36.100,2
886,2022-10-14 09:39:37.100,101.145,101.15,101.145,4962,5019235300,,,45,71,2022-10-14 09:39:37.100,1
887,2022-10-14 09:39:37.600,101.145,101.15,101.145,4963,5020246750,,,46,70,2022-10-14 09:39:37.600,0
888,2022-10-14 09:39:38.100,101.145,101.15,101.145,4963,5020246750,,,47,70,2022-10-14 09:39:38.100,0
889,2022-10-14 09:39:38.600,101.145,101.15,101.145,4963,5020246750,,,47,71,2022-10-14 09:39:38.600,0
890,2022-10-14 09:39:39.600,101.145,101.15,101.145,4963,5020246750,,,48,71,2022-10-14 09:39:39.600,1
891,2022-10-14 09:39:41.100,101.15,101.15,101.145,4964,5021258250,,,47,71,2022-10-14 09:39:41.100,1
892,2022-10-14 09:39:41.600,101.145,101.15,101.145,4965,5022269700,,,48,70,2022-10-14 09:39:41.600,0
893,2022-10-14 09:39:42.100,101.145,101.15,101.145,4965,5022269700,,,50,70,2022-10-14 09:39:42.100,0
894,2022-10-14 09:39:44.600,101.145,101.15,101.145,4970,5027326950,,,51,65,2022-10-14 09:39:44.600,2
895,2022-10-14 09:39:45.100,101.145,101.15,101.145,4975,5032384200,,,51,60,2022-10-14 09:39:45.100,0
896,2022-10-14 09:39:47.100,101.145,101.15,101.145,4975,5032384200,,,61,60,2022-10-14 09:39:47.100,2
897,2022-10-14 09:39:47.600,101.15,101.15,101.145,4976,5033395700,,,60,60,2022-10-14 09:39:47.600,0
898,2022-10-14 09:39:48.600,101.15,101.15,101.145,4977,5034407200,,,59,60,2022-10-14 09:39:48.600,1
899,2022-10-14 09:39:54.100,101.145,101.15,101.145,4980,5037441550,,,58,57,2022-10-14 09:39:54.100,5
900,2022-10-14 09:39:56.100,101.145,101.15,101.145,4980,5037441550,,,59,57,2022-10-14 09:39:56.100,2
901,2022-10-14 09:39:58.100,101.15,101.15,101.145,4982,5039464550,,,57,87,2022-10-14 09:39:58.100,2
902,2022-10-14 09:39:58.600,101.15,101.15,101.145,4982,5039464550,,,55,91,2022-10-14 09:39:58.600,0
903,2022-10-14 09:39:59.100,101.15,101.15,101.145,4982,5039464550,,,55,88,2022-10-14 09:39:59.100,0
904,2022-10-14 09:39:59.600,101.15,101.15,101.145,4982,5039464550,,,55,89,2022-10-14 09:39:59.600,0
905,2022-10-14 09:40:00.100,101.15,101.15,101.145,4982,5039464550,,,56,89,2022-10-14 09:40:00.100,0
906,2022-10-14 09:40:00.600,101.15,101.15,101.145,4989,5046545050,,,49,62,2022-10-14 09:40:00.600,0
907,2022-10-14 09:40:01.100,101.15,101.15,101.145,4989,5046545050,,,49,60,2022-10-14 09:40:01.100,0
908,2022-10-14 09:40:01.600,101.15,101.15,101.145,4989,5046545050,,,46,60,2022-10-14 09:40:01.600,0
909,2022-10-14 09:40:03.100,101.15,101.15,101.145,4989,5046545050,,,46,81,2022-10-14 09:40:03.100,1
910,2022-10-14 09:40:03.600,101.15,101.155,101.15,5029,5087005050,,,110,22,2022-10-14 09:40:03.600,0
911,2022-10-14 09:40:04.100,101.15,101.155,101.15,5029,5087005050,,,42,43,2022-10-14 09:40:04.100,0
912,2022-10-14 09:40:04.600,101.15,101.155,101.15,5029,5087005050,,,26,50,2022-10-14 09:40:04.600,0
913,2022-10-14 09:40:05.100,101.15,101.155,101.15,5029,5087005050,,,26,49,2022-10-14 09:40:05.100,0
914,2022-10-14 09:40:06.100,101.15,101.155,101.15,5029,5087005050,,,24,49,2022-10-14 09:40:06.100,1
915,2022-10-14 09:40:06.600,101.15,101.155,101.15,5029,5087005050,,,23,49,2022-10-14 09:40:06.600,0
916,2022-10-14 09:40:07.100,101.15,101.155,101.15,5029,5087005050,,,22,49,2022-10-14 09:40:07.100,0
917,2022-10-14 09:40:07.600,101.15,101.155,101.15,5029,5087005050,,,21,49,2022-10-14 09:40:07.600,0
918,2022-10-14 09:40:08.600,101.155,101.16,101.15,5049,5107236050,,,97,48,2022-10-14 09:40:08.600,1
919,2022-10-14 09:40:09.100,101.155,101.16,101.155,5049,5107236050,,,46,11,2022-10-14 09:40:09.100,0
920,2022-10-14 09:40:09.600,101.155,101.16,101.155,5049,5107236050,,,36,28,2022-10-14 09:40:09.600,0
921,2022-10-14 09:40:10.100,101.155,101.16,101.155,5049,5107236050,,,26,32,2022-10-14 09:40:10.100,0
922,2022-10-14 09:40:10.600,101.155,101.16,101.155,5051,5109259150,,,26,27,2022-10-14 09:40:10.600,0
923,2022-10-14 09:40:11.100,101.155,101.16,101.155,5051,5109259150,,,31,27,2022-10-14 09:40:11.100,0
924,2022-10-14 09:40:11.600,101.155,101.16,101.155,5051,5109259150,,,41,26,2022-10-14 09:40:11.600,0
925,2022-10-14 09:40:12.100,101.155,101.16,101.155,5051,5109259150,,,41,18,2022-10-14 09:40:12.100,0
926,2022-10-14 09:40:12.600,101.16,101.16,101.155,5052,5110270750,,,39,19,2022-10-14 09:40:12.600,0
927,2022-10-14 09:40:13.100,101.16,101.16,101.155,5052,5110270750,,,39,21,2022-10-14 09:40:13.100,0
928,2022-10-14 09:40:13.600,101.16,101.16,101.155,5052,5110270750,,,29,31,2022-10-14 09:40:13.600,0
929,2022-10-14 09:40:14.100,101.16,101.16,101.155,5052,5110270750,,,27,32,2022-10-14 09:40:14.100,0
930,2022-10-14 09:40:14.600,101.16,101.16,101.155,5052,5110270750,,,24,32,2022-10-14 09:40:14.600,0
931,2022-10-14 09:40:15.100,101.16,101.16,101.155,5052,5110270750,,,23,32,2022-10-14 09:40:15.100,0
932,2022-10-14 09:40:16.600,101.16,101.16,101.155,5052,5110270750,,,24,32,2022-10-14 09:40:16.600,1
933,2022-10-14 09:40:17.100,101.16,101.16,101.155,5063,5121398350,,,12,33,2022-10-14 09:40:17.100,0
934,2022-10-14 09:40:17.600,101.16,101.16,101.155,5064,5122409950,,,5,33,2022-10-14 09:40:17.600,0
935,2022-10-14 09:40:18.100,101.16,101.16,101.155,5064,5122409950,,,7,33,2022-10-14 09:40:18.100,0
936,2022-10-14 09:40:18.600,101.16,101.16,101.155,5064,5122409950,,,21,33,2022-10-14 09:40:18.600,0
937,2022-10-14 09:40:19.100,101.16,101.16,101.155,5064,5122409950,,,26,23,2022-10-14 09:40:19.100,0
938,2022-10-14 09:40:19.600,101.16,101.16,101.155,5064,5122409950,,,68,21,2022-10-14 09:40:19.600,0
939,2022-10-14 09:40:20.100,101.16,101.16,101.155,5064,5122409950,,,72,10,2022-10-14 09:40:20.100,0
940,2022-10-14 09:40:20.600,101.16,101.16,101.155,5064,5122409950,,,69,10,2022-10-14 09:40:20.600,0
941,2022-10-14 09:40:21.100,101.16,101.16,101.155,5064,5122409950,,,69,9,2022-10-14 09:40:21.100,0
942,2022-10-14 09:40:21.600,101.16,101.16,101.155,5064,5122409950,,,69,59,2022-10-14 09:40:21.600,0
943,2022-10-14 09:40:22.100,101.16,101.16,101.155,5064,5122409950,,,65,64,2022-10-14 09:40:22.100,0
944,2022-10-14 09:40:22.600,101.16,101.16,101.155,5064,5122409950,,,65,61,2022-10-14 09:40:22.600,0
945,2022-10-14 09:40:26.600,101.16,101.16,101.155,5065,5123421550,,,74,61,2022-10-14 09:40:26.600,4
946,2022-10-14 09:40:28.100,101.155,101.16,101.155,5066,5124433100,,,73,60,2022-10-14 09:40:28.100,1
947,2022-10-14 09:40:28.600,101.16,101.16,101.155,5067,5125444700,,,72,60,2022-10-14 09:40:28.600,0
948,2022-10-14 09:40:30.600,101.16,101.16,101.155,5067,5125444700,,,73,65,2022-10-14 09:40:30.600,2
949,2022-10-14 09:40:32.600,101.16,101.16,101.155,5068,5126456300,,,72,65,2022-10-14 09:40:32.600,2
950,2022-10-14 09:40:34.100,101.155,101.16,101.155,5070,5128479400,,,72,64,2022-10-14 09:40:34.100,1
951,2022-10-14 09:40:34.600,101.16,101.16,101.155,5073,5131514200,,,69,64,2022-10-14 09:40:34.600,0
952,2022-10-14 09:40:35.100,101.16,101.16,101.155,5073,5131514200,,,69,65,2022-10-14 09:40:35.100,0
953,2022-10-14 09:40:38.100,101.155,101.16,101.155,5074,5132525750,,,69,70,2022-10-14 09:40:38.100,3
954,2022-10-14 09:40:38.600,101.155,101.16,101.155,5074,5132525750,,,69,71,2022-10-14 09:40:38.600,0
955,2022-10-14 09:40:39.100,101.155,101.16,101.155,5075,5133537300,,,69,70,2022-10-14 09:40:39.100,0
956,2022-10-14 09:40:48.600,101.155,101.16,101.155,5075,5133537300,,,69,71,2022-10-14 09:40:48.600,9
957,2022-10-14 09:40:50.100,101.16,101.16,101.155,5076,5134548900,,,68,71,2022-10-14 09:40:50.100,1
958,2022-10-14 09:40:50.600,101.16,101.16,101.155,5076,5134548900,,,68,76,2022-10-14 09:40:50.600,0
959,2022-10-14 09:40:51.100,101.155,101.16,101.155,5078,5136572000,,,68,75,2022-10-14 09:40:51.100,0
960,2022-10-14 09:40:53.600,101.16,101.16,101.155,5079,5137583600,,,67,75,2022-10-14 09:40:53.600,2
961,2022-10-14 09:40:55.100,101.16,101.16,101.155,5079,5137583600,,,68,75,2022-10-14 09:40:55.100,1
962,2022-10-14 09:40:55.600,101.155,101.16,101.155,5080,5138595150,,,68,74,2022-10-14 09:40:55.600,0
963,2022-10-14 09:40:57.600,101.155,101.16,101.155,5080,5138595150,,,68,68,2022-10-14 09:40:57.600,2
964,2022-10-14 09:41:05.100,101.16,101.16,101.155,5115,5173999450,,,68,33,2022-10-14 09:41:05.100,7
965,2022-10-14 09:41:05.600,101.155,101.155,101.15,5147,5206369050,,,1,186,2022-10-14 09:41:05.600,0
966,2022-10-14 09:41:06.100,101.155,101.155,101.15,5147,5206369050,,,16,116,2022-10-14 09:41:06.100,0
967,2022-10-14 09:41:06.600,101.155,101.155,101.15,5147,5206369050,,,16,106,2022-10-14 09:41:06.600,0
968,2022-10-14 09:41:07.100,101.155,101.155,101.15,5147,5206369050,,,14,106,2022-10-14 09:41:07.100,0
969,2022-10-14 09:41:07.600,101.155,101.155,101.15,5147,5206369050,,,8,106,2022-10-14 09:41:07.600,0
970,2022-10-14 09:41:08.100,101.155,101.155,101.15,5147,5206369050,,,10,106,2022-10-14 09:41:08.100,0
971,2022-10-14 09:41:08.600,101.155,101.155,101.15,5147,5206369050,,,10,105,2022-10-14 09:41:08.600,0
972,2022-10-14 09:41:09.100,101.155,101.155,101.15,5147,5206369050,,,11,105,2022-10-14 09:41:09.100,0
973,2022-10-14 09:41:12.100,101.155,101.155,101.15,5147,5206369050,,,12,105,2022-10-14 09:41:12.100,3
974,2022-10-14 09:41:13.600,101.155,101.155,101.15,5147,5206369050,,,11,105,2022-10-14 09:41:13.600,1
975,2022-10-14 09:41:14.100,101.155,101.155,101.15,5147,5206369050,,,12,105,2022-10-14 09:41:14.100,0
976,2022-10-14 09:41:14.600,101.155,101.155,101.15,5147,5206369050,,,16,105,2022-10-14 09:41:14.600,0
977,2022-10-14 09:41:15.100,101.155,101.155,101.15,5150,5209403700,,,23,105,2022-10-14 09:41:15.100,0
978,2022-10-14 09:41:15.600,101.155,101.155,101.15,5159,5218507650,,,15,105,2022-10-14 09:41:15.600,0
979,2022-10-14 09:41:16.100,101.155,101.16,101.15,5174,5233680900,,,150,105,2022-10-14 09:41:16.100,0
980,2022-10-14 09:41:16.600,101.155,101.16,101.155,5176,5235704000,,,79,30,2022-10-14 09:41:16.600,0
981,2022-10-14 09:41:17.100,101.155,101.16,101.155,5176,5235704000,,,69,36,2022-10-14 09:41:17.100,0
982,2022-10-14 09:41:17.600,101.155,101.16,101.155,5176,5235704000,,,69,33,2022-10-14 09:41:17.600,0
983,2022-10-14 09:41:18.100,101.155,101.16,101.155,5176,5235704000,,,68,33,2022-10-14 09:41:18.100,0
984,2022-10-14 09:41:18.600,101.155,101.16,101.155,5176,5235704000,,,69,33,2022-10-14 09:41:18.600,0
985,2022-10-14 09:41:20.600,101.155,101.16,101.155,5177,5236715550,,,69,32,2022-10-14 09:41:20.600,2
986,2022-10-14 09:41:21.100,101.155,101.16,101.155,5177,5236715550,,,70,33,2022-10-14 09:41:21.100,0
987,2022-10-14 09:41:21.600,101.155,101.16,101.155,5177,5236715550,,,74,37,2022-10-14 09:41:21.600,0
988,2022-10-14 09:41:22.100,101.155,101.16,101.155,5178,5237727100,,,74,37,2022-10-14 09:41:22.100,0
989,2022-10-14 09:41:25.600,101.155,101.16,101.155,5178,5237727100,,,75,37,2022-10-14 09:41:25.600,3
990,2022-10-14 09:41:26.600,101.155,101.16,101.155,5178,5237727100,,,72,34,2022-10-14 09:41:26.600,1
991,2022-10-14 09:41:27.100,101.155,101.16,101.155,5179,5238738650,,,72,33,2022-10-14 09:41:27.100,0
992,2022-10-14 09:41:27.600,101.155,101.16,101.155,5179,5238738650,,,72,35,2022-10-14 09:41:27.600,0
993,2022-10-14 09:41:29.100,101.155,101.16,101.155,5181,5240761750,,,72,33,2022-10-14 09:41:29.100,1
994,2022-10-14 09:41:29.600,101.16,101.16,101.155,5182,5241773350,,,71,24,2022-10-14 09:41:29.600,0
995,2022-10-14 09:41:33.100,101.16,101.16,101.155,5182,5241773350,,,72,24,2022-10-14 09:41:33.100,3
996,2022-10-14 09:41:40.600,101.16,101.16,101.155,5182,5241773350,,,76,24,2022-10-14 09:41:40.600,7
997,2022-10-14 09:41:41.100,101.16,101.16,101.155,5186,5245819750,,,72,24,2022-10-14 09:41:41.100,0
