,time,last,ask,bid,volume,amt,ask1,bid1,asize1,bsize1,ts_date,ts_lag
0,2022-10-14 09:30:00.100,101.73,101.74,101.735,82,83418600,,,1,14,2022-10-14 09:30:00.100,0
1,2022-10-14 09:30:00.600,101.74,101.74,101.735,93,94609450,,,1,9,2022-10-14 09:30:00.600,0
2,2022-10-14 09:30:01.100,101.74,101.745,101.74,103,104783700,,,18,3,2022-10-14 09:30:01.100,0
3,2022-10-14 09:30:01.600,101.735,101.74,101.735,132,134288100,,,5,23,2022-10-14 09:30:01.600,0
4,2022-10-14 09:30:02.100,101.74,101.74,101.735,139,141409700,,,8,4,2022-10-14 09:30:02.100,0
5,2022-10-14 09:30:02.600,101.74,101.735,101.73,149,151583300,,,1,54,2022-10-14 09:30:02.600,0
6,2022-10-14 09:30:03.100,101.74,101.74,101.735,151,153618000,,,23,3,2022-10-14 09:30:03.100,0
7,2022-10-14 09:30:03.600,101.73,101.735,101.73,164,166843050,,,2,53,2022-10-14 09:30:03.600,0
8,2022-10-14 09:30:04.100,101.735,101.735,101.73,167,169895100,,,7,38,2022-10-14 09:30:04.100,0
9,2022-10-14 09:30:04.600,101.73,101.735,101.73,170,172947000,,,11,35,2022-10-14 09:30:04.600,0
10,2022-10-14 09:30:05.100,101.735,101.735,101.73,200,203466150,,,10,4,2022-10-14 09:30:05.100,0
11,2022-10-14 09:30:05.600,101.73,101.73,101.725,207,210587150,,,6,18,2022-10-14 09:30:05.600,0
12,2022-10-14 09:30:06.100,101.725,101.725,101.72,215,218725050,,,2,18,2022-10-14 09:30:06.100,0
13,2022-10-14 09:30:06.600,101.725,101.73,101.725,221,224828550,,,24,16,2022-10-14 09:30:06.600,0
14,2022-10-14 09:30:07.100,101.73,101.73,101.725,228,231949350,,,7,12,2022-10-14 09:30:07.100,0
15,2022-10-14 09:30:07.600,101.725,101.73,101.725,238,242122150,,,1,9,2022-10-14 09:30:07.600,0
16,2022-10-14 09:30:08.100,101.73,101.73,101.725,241,245174050,,,1,18,2022-10-14 09:30:08.100,0
17,2022-10-14 09:30:08.600,101.73,101.73,101.725,241,245174050,,,19,23,2022-10-14 09:30:08.600,0
18,2022-10-14 09:30:09.100,101.73,101.73,101.725,241,245174050,,,17,24,2022-10-14 09:30:09.100,0
19,2022-10-14 09:30:09.600,101.725,101.73,101.725,248,252295100,,,11,23,2022-10-14 09:30:09.600,0
20,2022-10-14 09:30:10.100,101.73,101.73,101.725,254,258398900,,,7,23,2022-10-14 09:30:10.100,0
21,2022-10-14 09:30:10.600,101.725,101.73,101.725,256,260433450,,,6,22,2022-10-14 09:30:10.600,0
22,2022-10-14 09:30:11.100,101.725,101.73,101.725,258,262467950,,,13,20,2022-10-14 09:30:11.100,0
23,2022-10-14 09:30:11.600,101.725,101.73,101.725,268,272640450,,,14,10,2022-10-14 09:30:11.600,0
24,2022-10-14 09:30:12.100,101.725,101.73,101.72,278,282812950,,,17,20,2022-10-14 09:30:12.100,0
25,2022-10-14 09:30:12.600,101.725,101.73,101.725,282,286881950,,,18,3,2022-10-14 09:30:12.600,0
26,2022-10-14 09:30:13.100,101.72,101.725,101.72,287,291968100,,,3,19,2022-10-14 09:30:13.100,0
27,2022-10-14 09:30:13.600,101.72,101.72,101.715,293,298071500,,,17,18,2022-10-14 09:30:13.600,0
28,2022-10-14 09:30:14.100,101.72,101.725,101.72,317,322484300,,,17,11,2022-10-14 09:30:14.100,0
29,2022-10-14 09:30:14.600,101.725,101.73,101.725,323,328587800,,,42,4,2022-10-14 09:30:14.600,0
30,2022-10-14 09:30:15.100,101.725,101.73,101.72,331,336725800,,,18,27,2022-10-14 09:30:15.100,0
31,2022-10-14 09:30:15.600,101.725,101.73,101.72,340,345880650,,,18,7,2022-10-14 09:30:15.600,0
32,2022-10-14 09:30:16.100,101.725,101.725,101.72,340,345880650,,,2,7,2022-10-14 09:30:16.100,0
33,2022-10-14 09:30:16.600,101.725,101.725,101.72,340,345880650,,,6,7,2022-10-14 09:30:16.600,0
34,2022-10-14 09:30:17.100,101.725,101.725,101.72,340,345880650,,,8,7,2022-10-14 09:30:17.100,0
35,2022-10-14 09:30:17.600,101.725,101.73,101.725,352,358087650,,,37,3,2022-10-14 09:30:17.600,0
36,2022-10-14 09:30:18.100,101.72,101.73,101.72,356,362156600,,,24,21,2022-10-14 09:30:18.100,0
37,2022-10-14 09:30:18.600,101.72,101.73,101.72,361,367242600,,,22,2,2022-10-14 09:30:18.600,0
38,2022-10-14 09:30:19.100,101.72,101.725,101.72,365,371311400,,,1,14,2022-10-14 09:30:19.100,0
39,2022-10-14 09:30:19.600,101.72,101.725,101.72,365,371311400,,,3,17,2022-10-14 09:30:19.600,0
40,2022-10-14 09:30:20.100,101.72,101.725,101.72,365,371311400,,,6,17,2022-10-14 09:30:20.100,0
41,2022-10-14 09:30:20.600,101.725,101.725,101.72,366,372328650,,,5,17,2022-10-14 09:30:20.600,0
42,2022-10-14 09:30:21.100,101.725,101.725,101.72,366,372328650,,,5,15,2022-10-14 09:30:21.100,0
43,2022-10-14 09:30:21.600,101.725,101.725,101.72,369,375380400,,,3,15,2022-10-14 09:30:21.600,0
44,2022-10-14 09:30:22.100,101.725,101.73,101.725,376,382501150,,,38,8,2022-10-14 09:30:22.100,0
45,2022-10-14 09:30:22.600,101.73,101.73,101.72,391,397760150,,,23,34,2022-10-14 09:30:22.600,0
46,2022-10-14 09:30:23.100,101.73,101.73,101.725,391,397760150,,,24,1,2022-10-14 09:30:23.100,0
47,2022-10-14 09:30:23.600,101.725,101.725,101.72,393,399794650,,,17,34,2022-10-14 09:30:23.600,0
48,2022-10-14 09:30:24.100,101.725,101.725,101.72,393,399794650,,,23,19,2022-10-14 09:30:24.100,0
49,2022-10-14 09:30:24.600,101.725,101.725,101.72,393,399794650,,,25,15,2022-10-14 09:30:24.600,0
50,2022-10-14 09:30:25.600,101.725,101.725,101.72,398,404880900,,,20,17,2022-10-14 09:30:25.600,1
51,2022-10-14 09:30:26.100,101.72,101.72,101.715,415,422173300,,,3,33,2022-10-14 09:30:26.100,0
52,2022-10-14 09:30:26.600,101.72,101.72,101.715,418,425224900,,,6,10,2022-10-14 09:30:26.600,0
53,2022-10-14 09:30:27.100,101.72,101.725,101.72,431,438448250,,,33,7,2022-10-14 09:30:27.100,0
54,2022-10-14 09:30:27.600,101.72,101.72,101.715,438,445568650,,,3,28,2022-10-14 09:30:27.600,0
55,2022-10-14 09:30:28.100,101.72,101.72,101.715,438,445568650,,,4,13,2022-10-14 09:30:28.100,0
56,2022-10-14 09:30:28.600,101.72,101.72,101.715,438,445568650,,,6,13,2022-10-14 09:30:28.600,0
57,2022-10-14 09:30:29.600,101.72,101.72,101.715,438,445568650,,,6,15,2022-10-14 09:30:29.600,1
58,2022-10-14 09:30:30.100,101.72,101.72,101.715,444,451671850,,,1,15,2022-10-14 09:30:30.100,0
59,2022-10-14 09:30:30.600,101.72,101.725,101.72,447,454723450,,,65,2,2022-10-14 09:30:30.600,0
60,2022-10-14 09:30:31.100,101.72,101.725,101.715,450,457775050,,,40,49,2022-10-14 09:30:31.100,0
61,2022-10-14 09:30:31.600,101.72,101.725,101.72,450,457775050,,,45,7,2022-10-14 09:30:31.600,0
62,2022-10-14 09:30:32.100,101.72,101.725,101.72,450,457775050,,,45,5,2022-10-14 09:30:32.100,0
63,2022-10-14 09:30:32.600,101.72,101.72,101.715,466,474051000,,,19,58,2022-10-14 09:30:32.600,0
64,2022-10-14 09:30:33.100,101.72,101.72,101.715,484,492360600,,,5,32,2022-10-14 09:30:33.100,0
65,2022-10-14 09:30:33.600,101.72,101.72,101.715,486,494395000,,,5,37,2022-10-14 09:30:33.600,0
66,2022-10-14 09:30:34.100,101.72,101.72,101.715,486,494395000,,,9,37,2022-10-14 09:30:34.100,0
67,2022-10-14 09:30:34.600,101.72,101.72,101.715,486,494395000,,,6,37,2022-10-14 09:30:34.600,0
68,2022-10-14 09:30:35.100,101.72,101.72,101.715,486,494395000,,,13,37,2022-10-14 09:30:35.100,0
69,2022-10-14 09:30:35.600,101.72,101.72,101.715,486,494395000,,,16,16,2022-10-14 09:30:35.600,0
70,2022-10-14 09:30:37.100,101.72,101.72,101.715,501,509653000,,,7,16,2022-10-14 09:30:37.100,1
71,2022-10-14 09:30:37.600,101.715,101.72,101.715,520,528978850,,,24,6,2022-10-14 09:30:37.600,0
72,2022-10-14 09:30:38.100,101.715,101.715,101.71,528,537116050,,,21,39,2022-10-14 09:30:38.100,0
73,2022-10-14 09:30:38.600,101.715,101.715,101.71,529,538133200,,,26,14,2022-10-14 09:30:38.600,0
74,2022-10-14 09:30:39.100,101.71,101.715,101.71,530,539150300,,,29,10,2022-10-14 09:30:39.100,0
75,2022-10-14 09:30:39.600,101.715,101.715,101.71,531,540167450,,,28,10,2022-10-14 09:30:39.600,0
76,2022-10-14 09:30:40.100,101.71,101.715,101.71,537,546270050,,,32,4,2022-10-14 09:30:40.100,0
77,2022-10-14 09:30:40.600,101.71,101.715,101.71,544,553389750,,,32,4,2022-10-14 09:30:40.600,0
78,2022-10-14 09:30:41.100,101.71,101.715,101.71,544,553389750,,,32,2,2022-10-14 09:30:41.100,0
79,2022-10-14 09:30:41.600,101.71,101.715,101.705,546,555423950,,,32,24,2022-10-14 09:30:41.600,0
80,2022-10-14 09:30:42.100,101.715,101.715,101.71,563,572715400,,,20,16,2022-10-14 09:30:42.100,0
81,2022-10-14 09:30:42.600,101.715,101.715,101.71,563,572715400,,,14,20,2022-10-14 09:30:42.600,0
82,2022-10-14 09:30:43.100,101.715,101.715,101.71,563,572715400,,,11,40,2022-10-14 09:30:43.100,0
83,2022-10-14 09:30:43.600,101.715,101.72,101.715,574,583904050,,,55,16,2022-10-14 09:30:43.600,0
84,2022-10-14 09:30:44.100,101.715,101.72,101.715,574,583904050,,,30,18,2022-10-14 09:30:44.100,0
85,2022-10-14 09:30:44.600,101.715,101.72,101.71,576,585938350,,,31,69,2022-10-14 09:30:44.600,0
86,2022-10-14 09:30:45.100,101.71,101.715,101.71,582,592041000,,,7,38,2022-10-14 09:30:45.100,0
87,2022-10-14 09:30:46.100,101.715,101.715,101.71,601,611366850,,,6,41,2022-10-14 09:30:46.100,1
88,2022-10-14 09:30:46.600,101.715,101.715,101.71,603,613401150,,,5,41,2022-10-14 09:30:46.600,0
89,2022-10-14 09:30:47.100,101.715,101.72,101.715,611,621538350,,,56,26,2022-10-14 09:30:47.100,0
90,2022-10-14 09:30:47.600,101.72,101.72,101.715,612,622555550,,,29,27,2022-10-14 09:30:47.600,0
91,2022-10-14 09:30:48.100,101.72,101.72,101.715,612,622555550,,,27,30,2022-10-14 09:30:48.100,0
92,2022-10-14 09:30:48.600,101.72,101.72,101.715,613,623572750,,,23,33,2022-10-14 09:30:48.600,0
93,2022-10-14 09:30:50.100,101.72,101.72,101.715,613,623572750,,,22,36,2022-10-14 09:30:50.100,1
94,2022-10-14 09:30:50.600,101.72,101.725,101.72,636,646968350,,,58,5,2022-10-14 09:30:50.600,0
95,2022-10-14 09:30:51.100,101.72,101.725,101.72,638,649002750,,,32,7,2022-10-14 09:30:51.100,0
96,2022-10-14 09:30:51.600,101.72,101.725,101.72,638,649002750,,,32,6,2022-10-14 09:30:51.600,0
97,2022-10-14 09:30:52.100,101.72,101.72,101.715,658,669347500,,,15,53,2022-10-14 09:30:52.100,0
98,2022-10-14 09:30:52.600,101.72,101.725,101.72,674,685622700,,,32,8,2022-10-14 09:30:52.600,0
99,2022-10-14 09:30:53.100,101.72,101.725,101.72,675,686639900,,,31,8,2022-10-14 09:30:53.100,0
100,2022-10-14 09:30:53.600,101.72,101.725,101.72,675,686639900,,,28,8,2022-10-14 09:30:53.600,0
101,2022-10-14 09:30:54.600,101.725,101.725,101.72,676,687657150,,,27,8,2022-10-14 09:30:54.600,1
102,2022-10-14 09:30:55.600,101.725,101.73,101.725,697,709019400,,,78,8,2022-10-14 09:30:55.600,1
103,2022-10-14 09:30:56.100,101.725,101.73,101.725,703,715122900,,,50,2,2022-10-14 09:30:56.100,0
104,2022-10-14 09:30:56.600,101.725,101.73,101.725,703,715122900,,,56,4,2022-10-14 09:30:56.600,0
105,2022-10-14 09:30:57.100,101.73,101.73,101.725,718,730382400,,,41,2,2022-10-14 09:30:57.100,0
106,2022-10-14 09:30:57.600,101.725,101.73,101.725,724,736485900,,,29,20,2022-10-14 09:30:57.600,0
107,2022-10-14 09:30:58.100,101.725,101.73,101.725,724,736485900,,,26,33,2022-10-14 09:30:58.100,0
108,2022-10-14 09:30:58.600,101.73,101.735,101.725,750,762935700,,,27,33,2022-10-14 09:30:58.600,0
109,2022-10-14 09:30:59.100,101.73,101.735,101.73,750,762935700,,,22,6,2022-10-14 09:30:59.100,0
110,2022-10-14 09:30:59.600,101.73,101.73,101.725,752,764970300,,,6,61,2022-10-14 09:30:59.600,0
111,2022-10-14 09:31:00.100,101.73,101.735,101.73,789,802609450,,,62,133,2022-10-14 09:31:00.100,0
112,2022-10-14 09:31:00.600,101.73,101.735,101.73,791,804644050,,,36,132,2022-10-14 09:31:00.600,0
113,2022-10-14 09:31:01.100,101.735,101.735,101.73,792,805661400,,,28,132,2022-10-14 09:31:01.100,0
114,2022-10-14 09:31:01.600,101.74,101.745,101.735,851,865686550,,,39,32,2022-10-14 09:31:01.600,0
115,2022-10-14 09:31:02.100,101.735,101.74,101.735,861,875860200,,,1,62,2022-10-14 09:31:02.100,0
116,2022-10-14 09:31:02.600,101.74,101.745,101.74,871,886034200,,,7,14,2022-10-14 09:31:02.600,0
117,2022-10-14 09:31:03.100,101.74,101.745,101.74,902,917573600,,,29,3,2022-10-14 09:31:03.100,0
118,2022-10-14 09:31:03.600,101.74,101.745,101.74,906,921643200,,,29,2,2022-10-14 09:31:03.600,0
119,2022-10-14 09:31:04.100,101.74,101.74,101.735,908,923678000,,,11,78,2022-10-14 09:31:04.100,0
120,2022-10-14 09:31:04.600,101.74,101.74,101.735,920,935886800,,,9,68,2022-10-14 09:31:04.600,0
121,2022-10-14 09:31:05.100,101.74,101.745,101.74,922,937921600,,,47,11,2022-10-14 09:31:05.100,0
122,2022-10-14 09:31:05.600,101.74,101.745,101.74,922,937921600,,,33,14,2022-10-14 09:31:05.600,0
123,2022-10-14 09:31:06.100,101.74,101.745,101.74,922,937921600,,,31,19,2022-10-14 09:31:06.100,0
124,2022-10-14 09:31:06.600,101.74,101.745,101.74,922,937921600,,,29,19,2022-10-14 09:31:06.600,0
125,2022-10-14 09:31:07.100,101.745,101.745,101.74,937,953183350,,,14,33,2022-10-14 09:31:07.100,0
126,2022-10-14 09:31:07.600,101.74,101.745,101.74,979,995915600,,,1,28,2022-10-14 09:31:07.600,0
127,2022-10-14 09:31:08.100,101.745,101.745,101.74,980,996933050,,,1,27,2022-10-14 09:31:08.100,0
128,2022-10-14 09:31:08.600,101.745,101.745,101.74,980,996933050,,,7,27,2022-10-14 09:31:08.600,0
129,2022-10-14 09:31:09.100,101.745,101.745,101.74,980,996933050,,,22,23,2022-10-14 09:31:09.100,0
130,2022-10-14 09:31:09.600,101.74,101.74,101.735,1003,1020333250,,,8,90,2022-10-14 09:31:09.600,0
131,2022-10-14 09:31:10.100,101.74,101.74,101.735,1012,1029489850,,,11,65,2022-10-14 09:31:10.100,0
132,2022-10-14 09:31:10.600,101.74,101.74,101.735,1012,1029489850,,,15,65,2022-10-14 09:31:10.600,0
133,2022-10-14 09:31:11.100,101.74,101.74,101.735,1012,1029489850,,,17,65,2022-10-14 09:31:11.100,0
134,2022-10-14 09:31:11.600,101.74,101.74,101.735,1016,1033559450,,,7,65,2022-10-14 09:31:11.600,0
135,2022-10-14 09:31:12.100,101.74,101.745,101.735,1028,1045768000,,,52,60,2022-10-14 09:31:12.100,0
136,2022-10-14 09:31:12.600,101.74,101.74,101.735,1028,1045768000,,,10,60,2022-10-14 09:31:12.600,0
137,2022-10-14 09:31:13.100,101.74,101.74,101.735,1037,1054924600,,,2,60,2022-10-14 09:31:13.100,0
138,2022-10-14 09:31:13.600,101.74,101.74,101.735,1037,1054924600,,,10,60,2022-10-14 09:31:13.600,0
139,2022-10-14 09:31:14.100,101.74,101.74,101.735,1037,1054924600,,,25,54,2022-10-14 09:31:14.100,0
140,2022-10-14 09:31:14.600,101.74,101.74,101.735,1037,1054924600,,,26,56,2022-10-14 09:31:14.600,0
141,2022-10-14 09:31:15.100,101.74,101.74,101.735,1037,1054924600,,,26,54,2022-10-14 09:31:15.100,0
142,2022-10-14 09:31:16.100,101.74,101.745,101.74,1080,1098672800,,,52,8,2022-10-14 09:31:16.100,1
143,2022-10-14 09:31:16.600,101.74,101.74,101.735,1088,1106812000,,,3,87,2022-10-14 09:31:16.600,0
144,2022-10-14 09:31:17.100,101.74,101.745,101.74,1091,1109864200,,,42,2,2022-10-14 09:31:17.100,0
145,2022-10-14 09:31:17.600,101.74,101.74,101.735,1093,1111899000,,,6,88,2022-10-14 09:31:17.600,0
146,2022-10-14 09:31:18.100,101.735,101.74,101.735,1095,1113933700,,,8,58,2022-10-14 09:31:18.100,0
147,2022-10-14 09:31:18.600,101.735,101.74,101.735,1095,1113933700,,,16,52,2022-10-14 09:31:18.600,0
148,2022-10-14 09:31:19.600,101.735,101.74,101.735,1095,1113933700,,,16,50,2022-10-14 09:31:19.600,1
149,2022-10-14 09:31:20.100,101.735,101.74,101.735,1095,1113933700,,,17,50,2022-10-14 09:31:20.100,0
150,2022-10-14 09:31:21.600,101.735,101.74,101.735,1114,1133263350,,,18,31,2022-10-14 09:31:21.600,1
151,2022-10-14 09:31:22.100,101.735,101.74,101.735,1133,1152593000,,,32,11,2022-10-14 09:31:22.100,0
152,2022-10-14 09:31:22.600,101.74,101.74,101.73,1197,1217704300,,,16,65,2022-10-14 09:31:22.600,0
153,2022-10-14 09:31:23.100,101.74,101.735,101.73,1197,1217704300,,,1,45,2022-10-14 09:31:23.100,0
154,2022-10-14 09:31:23.600,101.735,101.74,101.735,1198,1218721650,,,32,5,2022-10-14 09:31:23.600,0
155,2022-10-14 09:31:24.100,101.735,101.74,101.735,1207,1227877800,,,26,5,2022-10-14 09:31:24.100,0
156,2022-10-14 09:31:24.600,101.735,101.74,101.735,1207,1227877800,,,27,14,2022-10-14 09:31:24.600,0
157,2022-10-14 09:31:25.100,101.735,101.74,101.735,1212,1232964550,,,24,29,2022-10-14 09:31:25.100,0
158,2022-10-14 09:31:25.600,101.735,101.74,101.735,1213,1233981900,,,24,28,2022-10-14 09:31:25.600,0
159,2022-10-14 09:31:27.600,101.74,101.74,101.735,1228,1249242900,,,9,30,2022-10-14 09:31:27.600,2
160,2022-10-14 09:31:28.100,101.735,101.74,101.735,1233,1254329650,,,3,26,2022-10-14 09:31:28.100,0
161,2022-10-14 09:31:28.600,101.74,101.745,101.74,1248,1269590650,,,77,17,2022-10-14 09:31:28.600,0
162,2022-10-14 09:31:29.100,101.74,101.745,101.74,1254,1275695050,,,51,12,2022-10-14 09:31:29.100,0
163,2022-10-14 09:31:29.600,101.74,101.745,101.74,1254,1275695050,,,48,12,2022-10-14 09:31:29.600,0
164,2022-10-14 09:31:30.100,101.74,101.745,101.74,1254,1275695050,,,65,19,2022-10-14 09:31:30.100,0
165,2022-10-14 09:31:30.600,101.745,101.745,101.74,1256,1277729950,,,93,13,2022-10-14 09:31:30.600,0
166,2022-10-14 09:31:31.100,101.745,101.745,101.74,1256,1277729950,,,98,12,2022-10-14 09:31:31.100,0
167,2022-10-14 09:31:32.100,101.74,101.74,101.735,1268,1289938750,,,1,57,2022-10-14 09:31:32.100,1
168,2022-10-14 09:31:32.600,101.745,101.745,101.74,1300,1322497050,,,93,22,2022-10-14 09:31:32.600,0
169,2022-10-14 09:31:33.100,101.745,101.745,101.74,1300,1322497050,,,70,18,2022-10-14 09:31:33.100,0
170,2022-10-14 09:31:33.600,101.745,101.745,101.74,1303,1325549300,,,56,17,2022-10-14 09:31:33.600,0
171,2022-10-14 09:31:34.100,101.745,101.745,101.74,1303,1325549300,,,56,16,2022-10-14 09:31:34.100,0
172,2022-10-14 09:31:34.600,101.74,101.745,101.74,1313,1335723300,,,57,7,2022-10-14 09:31:34.600,0
173,2022-10-14 09:31:35.100,101.74,101.745,101.74,1314,1336740700,,,57,5,2022-10-14 09:31:35.100,0
174,2022-10-14 09:31:35.600,101.735,101.745,101.74,1343,1366245550,,,48,1,2022-10-14 09:31:35.600,0
175,2022-10-14 09:31:36.100,101.74,101.74,101.735,1344,1367262950,,,21,50,2022-10-14 09:31:36.100,0
176,2022-10-14 09:31:36.600,101.735,101.74,101.735,1351,1374384400,,,23,17,2022-10-14 09:31:36.600,0
177,2022-10-14 09:31:37.100,101.735,101.735,101.73,1352,1375401750,,,4,37,2022-10-14 09:31:37.100,0
178,2022-10-14 09:31:37.600,101.735,101.74,101.735,1356,1379471150,,,64,102,2022-10-14 09:31:37.600,0
179,2022-10-14 09:31:38.100,101.735,101.74,101.735,1358,1381505850,,,37,110,2022-10-14 09:31:38.100,0
180,2022-10-14 09:31:38.600,101.735,101.74,101.735,1358,1381505850,,,37,104,2022-10-14 09:31:38.600,0
181,2022-10-14 09:31:39.100,101.735,101.74,101.735,1358,1381505850,,,37,101,2022-10-14 09:31:39.100,0
182,2022-10-14 09:31:40.100,101.74,101.74,101.735,1363,1386592750,,,34,99,2022-10-14 09:31:40.100,1
183,2022-10-14 09:31:41.600,101.74,101.74,101.735,1366,1389644950,,,31,99,2022-10-14 09:31:41.600,1
184,2022-10-14 09:31:42.600,101.74,101.74,101.735,1366,1389644950,,,17,99,2022-10-14 09:31:42.600,1
185,2022-10-14 09:31:43.100,101.74,101.745,101.74,1378,1401853750,,,86,4,2022-10-14 09:31:43.100,0
186,2022-10-14 09:31:43.600,101.74,101.745,101.74,1392,1416097350,,,59,5,2022-10-14 09:31:43.600,0
187,2022-10-14 09:31:44.100,101.74,101.745,101.74,1392,1416097350,,,59,10,2022-10-14 09:31:44.100,0
188,2022-10-14 09:31:44.600,101.74,101.745,101.74,1392,1416097350,,,59,18,2022-10-14 09:31:44.600,0
189,2022-10-14 09:31:45.100,101.74,101.745,101.74,1392,1416097350,,,59,19,2022-10-14 09:31:45.100,0
190,2022-10-14 09:31:46.100,101.74,101.745,101.74,1392,1416097350,,,58,33,2022-10-14 09:31:46.100,1
191,2022-10-14 09:31:46.600,101.745,101.75,101.745,1419,1443568500,,,24,6,2022-10-14 09:31:46.600,0
192,2022-10-14 09:31:47.100,101.745,101.75,101.745,1452,1477145400,,,41,7,2022-10-14 09:31:47.100,0
193,2022-10-14 09:31:47.600,101.745,101.745,101.74,1459,1484267550,,,5,61,2022-10-14 09:31:47.600,0
194,2022-10-14 09:31:48.100,101.745,101.745,101.74,1466,1491389700,,,12,36,2022-10-14 09:31:48.100,0
195,2022-10-14 09:31:48.600,101.745,101.75,101.745,1478,1503599100,,,70,5,2022-10-14 09:31:48.600,0
196,2022-10-14 09:31:49.100,101.74,101.75,101.74,1489,1514790750,,,45,46,2022-10-14 09:31:49.100,0
197,2022-10-14 09:31:49.600,101.74,101.745,101.74,1489,1514790750,,,7,38,2022-10-14 09:31:49.600,0
198,2022-10-14 09:31:50.100,101.74,101.745,101.74,1489,1514790750,,,10,38,2022-10-14 09:31:50.100,0
199,2022-10-14 09:31:51.600,101.74,101.745,101.74,1489,1514790750,,,9,85,2022-10-14 09:31:51.600,1
200,2022-10-14 09:31:52.100,101.745,101.75,101.745,1496,1521912900,,,59,25,2022-10-14 09:31:52.100,0
201,2022-10-14 09:31:52.600,101.745,101.75,101.745,1497,1522930350,,,44,27,2022-10-14 09:31:52.600,0
202,2022-10-14 09:31:53.100,101.75,101.755,101.75,1541,1567700350,,,55,57,2022-10-14 09:31:53.100,0
203,2022-10-14 09:31:53.600,101.75,101.755,101.75,1569,1596190350,,,55,43,2022-10-14 09:31:53.600,0
204,2022-10-14 09:31:54.100,101.75,101.755,101.75,1569,1596190350,,,49,32,2022-10-14 09:31:54.100,0
205,2022-10-14 09:31:54.600,101.75,101.755,101.75,1569,1596190350,,,50,32,2022-10-14 09:31:54.600,0
206,2022-10-14 09:31:55.100,101.75,101.755,101.75,1569,1596190350,,,53,32,2022-10-14 09:31:55.100,0
207,2022-10-14 09:31:55.600,101.75,101.755,101.75,1569,1596190350,,,53,31,2022-10-14 09:31:55.600,0
208,2022-10-14 09:31:56.100,101.75,101.755,101.75,1569,1596190350,,,54,29,2022-10-14 09:31:56.100,0
209,2022-10-14 09:31:56.600,101.75,101.755,101.75,1629,1657241800,,,25,2,2022-10-14 09:31:56.600,0
210,2022-10-14 09:31:57.100,101.75,101.755,101.75,1632,1660294300,,,54,2,2022-10-14 09:31:57.100,0
211,2022-10-14 09:31:57.600,101.75,101.75,101.745,1633,1661311800,,,1,53,2022-10-14 09:31:57.600,0
212,2022-10-14 09:31:58.100,101.75,101.75,101.745,1637,1665381800,,,10,27,2022-10-14 09:31:58.100,0
213,2022-10-14 09:31:58.600,101.75,101.75,101.745,1637,1665381800,,,19,41,2022-10-14 09:31:58.600,0
214,2022-10-14 09:31:59.100,101.75,101.75,101.745,1637,1665381800,,,16,41,2022-10-14 09:31:59.100,0
215,2022-10-14 09:31:59.600,101.75,101.75,101.745,1637,1665381800,,,16,42,2022-10-14 09:31:59.600,0
216,2022-10-14 09:32:00.100,101.75,101.75,101.745,1639,1667416800,,,14,42,2022-10-14 09:32:00.100,0
217,2022-10-14 09:32:00.600,101.75,101.75,101.745,1640,1668434300,,,14,42,2022-10-14 09:32:00.600,0
218,2022-10-14 09:32:01.100,101.75,101.755,101.75,1656,1684714300,,,85,9,2022-10-14 09:32:01.100,0
219,2022-10-14 09:32:01.600,101.75,101.755,101.75,1687,1716256600,,,58,1,2022-10-14 09:32:01.600,0
220,2022-10-14 09:32:02.100,101.75,101.75,101.745,1688,1717274100,,,2,62,2022-10-14 09:32:02.100,0
221,2022-10-14 09:32:02.600,101.75,101.75,101.745,1694,1723379100,,,11,37,2022-10-14 09:32:02.600,0
222,2022-10-14 09:32:03.100,101.75,101.75,101.745,1694,1723379100,,,17,37,2022-10-14 09:32:03.100,0
223,2022-10-14 09:32:03.600,101.75,101.755,101.75,1727,1756956600,,,85,68,2022-10-14 09:32:03.600,0
224,2022-10-14 09:32:04.100,101.75,101.755,101.75,1727,1756956600,,,59,80,2022-10-14 09:32:04.100,0
225,2022-10-14 09:32:04.600,101.755,101.755,101.75,1728,1757974150,,,56,76,2022-10-14 09:32:04.600,0
226,2022-10-14 09:32:05.100,101.755,101.755,101.75,1728,1757974150,,,61,73,2022-10-14 09:32:05.100,0
227,2022-10-14 09:32:05.600,101.75,101.755,101.75,1733,1763061650,,,61,68,2022-10-14 09:32:05.600,0
228,2022-10-14 09:32:06.100,101.755,101.755,101.75,1763,1793588150,,,31,68,2022-10-14 09:32:06.100,0
229,2022-10-14 09:32:07.600,101.755,101.755,101.75,1763,1793588150,,,31,66,2022-10-14 09:32:07.600,1
230,2022-10-14 09:32:10.100,101.755,101.755,101.75,1765,1795623250,,,29,66,2022-10-14 09:32:10.100,2
231,2022-10-14 09:32:10.600,101.755,101.755,101.75,1765,1795623250,,,30,66,2022-10-14 09:32:10.600,0
232,2022-10-14 09:32:11.100,101.755,101.755,101.75,1765,1795623250,,,30,67,2022-10-14 09:32:11.100,0
233,2022-10-14 09:32:12.100,101.755,101.755,101.75,1765,1795623250,,,11,73,2022-10-14 09:32:12.100,1
234,2022-10-14 09:32:12.600,101.755,101.76,101.755,1776,1806816300,,,50,33,2022-10-14 09:32:12.600,0
235,2022-10-14 09:32:13.100,101.755,101.76,101.755,1777,1807833850,,,52,41,2022-10-14 09:32:13.100,0
236,2022-10-14 09:32:13.600,101.755,101.76,101.755,1777,1807833850,,,52,38,2022-10-14 09:32:13.600,0
237,2022-10-14 09:32:14.100,101.755,101.76,101.755,1787,1818009350,,,52,29,2022-10-14 09:32:14.100,0
238,2022-10-14 09:32:14.600,101.76,101.76,101.755,1829,1860748050,,,20,21,2022-10-14 09:32:14.600,0
239,2022-10-14 09:32:15.100,101.76,101.76,101.755,1834,1865836000,,,16,33,2022-10-14 09:32:15.100,0
240,2022-10-14 09:32:15.600,101.76,101.765,101.76,1834,1865836000,,,45,7,2022-10-14 09:32:15.600,0
241,2022-10-14 09:32:16.100,101.76,101.765,101.76,1835,1866853600,,,19,8,2022-10-14 09:32:16.100,0
242,2022-10-14 09:32:16.600,101.76,101.765,101.76,1835,1866853600,,,33,8,2022-10-14 09:32:16.600,0
243,2022-10-14 09:32:17.100,101.76,101.765,101.76,1835,1866853600,,,33,4,2022-10-14 09:32:17.100,0
244,2022-10-14 09:32:17.600,101.76,101.765,101.76,1840,1871941600,,,34,10,2022-10-14 09:32:17.600,0
245,2022-10-14 09:32:18.100,101.76,101.765,101.755,1850,1882117600,,,34,102,2022-10-14 09:32:18.100,0
246,2022-10-14 09:32:18.600,101.76,101.765,101.755,1850,1882117600,,,34,76,2022-10-14 09:32:18.600,0
247,2022-10-14 09:32:19.100,101.76,101.765,101.755,1850,1882117600,,,35,76,2022-10-14 09:32:19.100,0
248,2022-10-14 09:32:19.600,101.76,101.76,101.755,1850,1882117600,,,15,77,2022-10-14 09:32:19.600,0
249,2022-10-14 09:32:20.100,101.76,101.76,101.755,1850,1882117600,,,1,71,2022-10-14 09:32:20.100,0
250,2022-10-14 09:32:21.600,101.76,101.765,101.755,1851,1883135200,,,60,71,2022-10-14 09:32:21.600,1
251,2022-10-14 09:32:22.100,101.765,101.765,101.76,1852,1884152850,,,33,9,2022-10-14 09:32:22.100,0
252,2022-10-14 09:32:22.600,101.76,101.765,101.76,1879,1911628050,,,39,5,2022-10-14 09:32:22.600,0
253,2022-10-14 09:32:23.100,101.765,101.765,101.76,1890,1922821700,,,41,1,2022-10-14 09:32:23.100,0
254,2022-10-14 09:32:23.600,101.76,101.765,101.76,1899,1931980100,,,42,23,2022-10-14 09:32:23.600,0
255,2022-10-14 09:32:24.100,101.76,101.765,101.76,1901,1934015300,,,42,21,2022-10-14 09:32:24.100,0
256,2022-10-14 09:32:24.600,101.76,101.765,101.76,1922,1955384900,,,42,3,2022-10-14 09:32:24.600,0
257,2022-10-14 09:32:25.100,101.76,101.765,101.76,1925,1958437700,,,42,6,2022-10-14 09:32:25.100,0
258,2022-10-14 09:32:25.600,101.76,101.765,101.755,1928,1961490500,,,42,109,2022-10-14 09:32:25.600,0
259,2022-10-14 09:32:26.100,101.76,101.765,101.76,1933,1966578500,,,42,3,2022-10-14 09:32:26.100,0
260,2022-10-14 09:32:26.600,101.76,101.765,101.76,1936,1969631300,,,42,6,2022-10-14 09:32:26.600,0
261,2022-10-14 09:32:27.100,101.76,101.76,101.755,1944,1977772100,,,1,109,2022-10-14 09:32:27.100,0
262,2022-10-14 09:32:27.600,101.76,101.76,101.755,1947,1980824900,,,7,73,2022-10-14 09:32:27.600,0
263,2022-10-14 09:32:28.100,101.76,101.76,101.755,1947,1980824900,,,10,71,2022-10-14 09:32:28.100,0
264,2022-10-14 09:32:28.600,101.76,101.76,101.755,1947,1980824900,,,26,71,2022-10-14 09:32:28.600,0
265,2022-10-14 09:32:29.100,101.76,101.76,101.755,1947,1980824900,,,31,70,2022-10-14 09:32:29.100,0
266,2022-10-14 09:32:29.600,101.755,101.755,101.75,2017,2052053400,,,5,110,2022-10-14 09:32:29.600,0
267,2022-10-14 09:32:30.100,101.755,101.755,101.75,2027,2062228900,,,6,72,2022-10-14 09:32:30.100,0
268,2022-10-14 09:32:30.600,101.755,101.755,101.75,2027,2062228900,,,3,73,2022-10-14 09:32:30.600,0
269,2022-10-14 09:32:31.100,101.755,101.755,101.75,2031,2066299100,,,2,73,2022-10-14 09:32:31.100,0
270,2022-10-14 09:32:31.600,101.755,101.76,101.755,2033,2068334200,,,72,3,2022-10-14 09:32:31.600,0
271,2022-10-14 09:32:32.100,101.755,101.76,101.75,2039,2074439500,,,46,90,2022-10-14 09:32:32.100,0
272,2022-10-14 09:32:32.600,101.755,101.76,101.75,2039,2074439500,,,91,75,2022-10-14 09:32:32.600,0
273,2022-10-14 09:32:33.100,101.75,101.755,101.75,2040,2075457000,,,6,75,2022-10-14 09:32:33.100,0
274,2022-10-14 09:32:33.600,101.755,101.755,101.75,2046,2081562300,,,5,75,2022-10-14 09:32:33.600,0
275,2022-10-14 09:32:34.100,101.76,101.76,101.755,2049,2084615050,,,125,19,2022-10-14 09:32:34.100,0
276,2022-10-14 09:32:34.600,101.76,101.76,101.755,2053,2088685450,,,85,24,2022-10-14 09:32:34.600,0
277,2022-10-14 09:32:35.100,101.76,101.76,101.755,2053,2088685450,,,85,27,2022-10-14 09:32:35.100,0
278,2022-10-14 09:32:35.600,101.76,101.76,101.755,2053,2088685450,,,85,22,2022-10-14 09:32:35.600,0
279,2022-10-14 09:32:36.600,101.755,101.76,101.755,2068,2103948700,,,90,4,2022-10-14 09:32:36.600,1
280,2022-10-14 09:32:37.100,101.755,101.755,101.75,2072,2108018900,,,11,111,2022-10-14 09:32:37.100,0
281,2022-10-14 09:32:37.600,101.755,101.755,101.75,2072,2108018900,,,11,75,2022-10-14 09:32:37.600,0
282,2022-10-14 09:32:38.100,101.755,101.755,101.75,2072,2108018900,,,4,75,2022-10-14 09:32:38.100,0
283,2022-10-14 09:32:38.600,101.755,101.76,101.755,2073,2109036450,,,125,25,2022-10-14 09:32:38.600,0
284,2022-10-14 09:32:39.100,101.76,101.76,101.755,2098,2134476450,,,63,28,2022-10-14 09:32:39.100,0
285,2022-10-14 09:32:39.600,101.76,101.76,101.755,2098,2134476450,,,63,38,2022-10-14 09:32:39.600,0
286,2022-10-14 09:32:40.100,101.76,101.76,101.755,2123,2159916450,,,38,35,2022-10-14 09:32:40.100,0
287,2022-10-14 09:32:40.600,101.76,101.76,101.755,2128,2165004450,,,34,35,2022-10-14 09:32:40.600,0
288,2022-10-14 09:32:41.100,101.76,101.765,101.76,2163,2200620450,,,75,30,2022-10-14 09:32:41.100,0
289,2022-10-14 09:32:41.600,101.76,101.765,101.76,2167,2204690850,,,39,31,2022-10-14 09:32:41.600,0
290,2022-10-14 09:32:42.100,101.76,101.765,101.76,2167,2204690850,,,53,37,2022-10-14 09:32:42.100,0
291,2022-10-14 09:32:42.600,101.76,101.765,101.76,2167,2204690850,,,53,34,2022-10-14 09:32:42.600,0
292,2022-10-14 09:32:43.600,101.765,101.765,101.76,2192,2230132100,,,28,35,2022-10-14 09:32:43.600,1
293,2022-10-14 09:32:44.100,101.765,101.765,101.76,2192,2230132100,,,28,36,2022-10-14 09:32:44.100,0
294,2022-10-14 09:32:44.600,101.765,101.765,101.76,2204,2242343900,,,17,36,2022-10-14 09:32:44.600,0
295,2022-10-14 09:32:45.100,101.765,101.765,101.76,2204,2242343900,,,37,36,2022-10-14 09:32:45.100,0
296,2022-10-14 09:32:45.600,101.765,101.765,101.76,2204,2242343900,,,44,36,2022-10-14 09:32:45.600,0
297,2022-10-14 09:32:46.100,101.765,101.765,101.76,2204,2242343900,,,44,31,2022-10-14 09:32:46.100,0
298,2022-10-14 09:32:46.600,101.765,101.765,101.76,2204,2242343900,,,44,30,2022-10-14 09:32:46.600,0
299,2022-10-14 09:32:47.100,101.765,101.765,101.76,2204,2242343900,,,45,29,2022-10-14 09:32:47.100,0
300,2022-10-14 09:32:47.600,101.765,101.765,101.76,2230,2268802750,,,19,2,2022-10-14 09:32:47.600,0
301,2022-10-14 09:32:48.100,101.765,101.765,101.76,2231,2269820400,,,32,6,2022-10-14 09:32:48.100,0
302,2022-10-14 09:32:48.600,101.76,101.765,101.76,2232,2270838000,,,34,7,2022-10-14 09:32:48.600,0
303,2022-10-14 09:32:49.100,101.76,101.765,101.76,2232,2270838000,,,34,3,2022-10-14 09:32:49.100,0
304,2022-10-14 09:32:51.100,101.76,101.76,101.755,2235,2273890800,,,7,65,2022-10-14 09:32:51.100,2
305,2022-10-14 09:32:51.600,101.76,101.76,101.755,2235,2273890800,,,10,39,2022-10-14 09:32:51.600,0
306,2022-10-14 09:32:52.100,101.76,101.76,101.755,2235,2273890800,,,20,70,2022-10-14 09:32:52.100,0
307,2022-10-14 09:32:52.600,101.76,101.76,101.755,2235,2273890800,,,50,70,2022-10-14 09:32:52.600,0
308,2022-10-14 09:32:53.100,101.76,101.76,101.755,2235,2273890800,,,50,40,2022-10-14 09:32:53.100,0
309,2022-10-14 09:32:53.600,101.76,101.76,101.755,2235,2273890800,,,56,17,2022-10-14 09:32:53.600,0
310,2022-10-14 09:32:54.100,101.76,101.755,101.75,2235,2273890800,,,2,112,2022-10-14 09:32:54.100,0
311,2022-10-14 09:32:54.600,101.76,101.755,101.75,2235,2273890800,,,2,77,2022-10-14 09:32:54.600,0
312,2022-10-14 09:32:55.100,101.76,101.755,101.75,2235,2273890800,,,8,75,2022-10-14 09:32:55.100,0
313,2022-10-14 09:32:55.600,101.76,101.755,101.75,2235,2273890800,,,5,75,2022-10-14 09:32:55.600,0
314,2022-10-14 09:32:56.100,101.76,101.755,101.75,2235,2273890800,,,2,75,2022-10-14 09:32:56.100,0
315,2022-10-14 09:32:56.600,101.755,101.76,101.755,2237,2275925900,,,91,7,2022-10-14 09:32:56.600,0
316,2022-10-14 09:32:57.100,101.75,101.755,101.75,2254,2293223750,,,5,102,2022-10-14 09:32:57.100,0
317,2022-10-14 09:32:57.600,101.755,101.755,101.75,2257,2296276400,,,1,65,2022-10-14 09:32:57.600,0
318,2022-10-14 09:32:58.100,101.755,101.76,101.755,2268,2307469100,,,64,8,2022-10-14 09:32:58.100,0
319,2022-10-14 09:32:58.600,101.755,101.755,101.75,2276,2315609500,,,31,85,2022-10-14 09:32:58.600,0
320,2022-10-14 09:32:59.100,101.755,101.755,101.75,2276,2315609500,,,34,60,2022-10-14 09:32:59.100,0
321,2022-10-14 09:32:59.600,101.755,101.755,101.75,2276,2315609500,,,31,77,2022-10-14 09:32:59.600,0
322,2022-10-14 09:33:01.100,101.755,101.76,101.755,2280,2319679700,,,85,6,2022-10-14 09:33:01.100,1
323,2022-10-14 09:33:01.600,101.755,101.76,101.755,2280,2319679700,,,59,11,2022-10-14 09:33:01.600,0
324,2022-10-14 09:33:02.100,101.76,101.76,101.755,2281,2320697300,,,48,23,2022-10-14 09:33:02.100,0
325,2022-10-14 09:33:03.100,101.76,101.76,101.755,2281,2320697300,,,48,25,2022-10-14 09:33:03.100,1
326,2022-10-14 09:33:06.100,101.76,101.76,101.755,2281,2320697300,,,50,25,2022-10-14 09:33:06.100,3
327,2022-10-14 09:33:09.100,101.76,101.76,101.755,2281,2320697300,,,51,25,2022-10-14 09:33:09.100,3
328,2022-10-14 09:33:09.600,101.76,101.76,101.755,2281,2320697300,,,51,33,2022-10-14 09:33:09.600,0
329,2022-10-14 09:33:11.100,101.76,101.76,101.755,2281,2320697300,,,51,50,2022-10-14 09:33:11.100,1
330,2022-10-14 09:33:11.600,101.76,101.76,101.755,2282,2321714900,,,50,81,2022-10-14 09:33:11.600,0
331,2022-10-14 09:33:12.100,101.76,101.76,101.755,2283,2322732500,,,21,81,2022-10-14 09:33:12.100,0
332,2022-10-14 09:33:12.600,101.76,101.765,101.76,2308,2348172500,,,95,30,2022-10-14 09:33:12.600,0
333,2022-10-14 09:33:13.100,101.765,101.765,101.76,2314,2354278200,,,57,33,2022-10-14 09:33:13.100,0
334,2022-10-14 09:33:13.600,101.765,101.765,101.76,2317,2357331150,,,54,33,2022-10-14 09:33:13.600,0
335,2022-10-14 09:33:14.100,101.765,101.765,101.76,2318,2358348800,,,53,30,2022-10-14 09:33:14.100,0
336,2022-10-14 09:33:14.600,101.765,101.765,101.76,2319,2359366450,,,52,30,2022-10-14 09:33:14.600,0
337,2022-10-14 09:33:15.600,101.765,101.765,101.76,2319,2359366450,,,62,31,2022-10-14 09:33:15.600,1
338,2022-10-14 09:33:16.100,101.765,101.765,101.76,2319,2359366450,,,62,30,2022-10-14 09:33:16.100,0
339,2022-10-14 09:33:16.600,101.765,101.765,101.76,2319,2359366450,,,62,31,2022-10-14 09:33:16.600,0
340,2022-10-14 09:33:17.100,101.76,101.765,101.76,2320,2360384050,,,62,30,2022-10-14 09:33:17.100,0
341,2022-10-14 09:33:18.100,101.76,101.765,101.76,2340,2380736050,,,62,9,2022-10-14 09:33:18.100,1
342,2022-10-14 09:33:18.600,101.76,101.765,101.76,2341,2381753650,,,62,2,2022-10-14 09:33:18.600,0
343,2022-10-14 09:33:19.100,101.765,101.765,101.76,2342,2382771300,,,61,2,2022-10-14 09:33:19.100,0
344,2022-10-14 09:33:19.600,101.765,101.765,101.76,2342,2382771300,,,61,3,2022-10-14 09:33:19.600,0
345,2022-10-14 09:33:20.600,101.765,101.765,101.76,2342,2382771300,,,61,13,2022-10-14 09:33:20.600,1
346,2022-10-14 09:33:21.100,101.765,101.765,101.76,2342,2382771300,,,61,19,2022-10-14 09:33:21.100,0
347,2022-10-14 09:33:22.100,101.765,101.765,101.76,2342,2382771300,,,61,20,2022-10-14 09:33:22.100,1
348,2022-10-14 09:33:25.100,101.765,101.765,101.76,2342,2382771300,,,61,21,2022-10-14 09:33:25.100,3
349,2022-10-14 09:33:25.600,101.765,101.765,101.76,2342,2382771300,,,61,20,2022-10-14 09:33:25.600,0
350,2022-10-14 09:33:26.100,101.765,101.765,101.76,2342,2382771300,,,62,14,2022-10-14 09:33:26.100,0
351,2022-10-14 09:33:26.600,101.76,101.76,101.755,2356,2397017700,,,16,118,2022-10-14 09:33:26.600,0
352,2022-10-14 09:33:27.100,101.76,101.76,101.755,2357,2398035300,,,30,82,2022-10-14 09:33:27.100,0
353,2022-10-14 09:33:27.600,101.76,101.76,101.755,2357,2398035300,,,33,82,2022-10-14 09:33:27.600,0
354,2022-10-14 09:33:28.100,101.76,101.76,101.755,2357,2398035300,,,30,82,2022-10-14 09:33:28.100,0
355,2022-10-14 09:33:33.100,101.76,101.76,101.755,2357,2398035300,,,60,81,2022-10-14 09:33:33.100,5
356,2022-10-14 09:33:33.600,101.76,101.76,101.755,2357,2398035300,,,61,51,2022-10-14 09:33:33.600,0
357,2022-10-14 09:33:34.100,101.755,101.76,101.755,2358,2399052850,,,61,60,2022-10-14 09:33:34.100,0
358,2022-10-14 09:33:35.600,101.755,101.76,101.755,2358,2399052850,,,62,46,2022-10-14 09:33:35.600,1
359,2022-10-14 09:33:36.100,101.755,101.76,101.755,2358,2399052850,,,61,46,2022-10-14 09:33:36.100,0
360,2022-10-14 09:33:39.100,101.755,101.76,101.755,2359,2400070400,,,61,40,2022-10-14 09:33:39.100,3
361,2022-10-14 09:33:39.600,101.755,101.76,101.755,2359,2400070400,,,61,24,2022-10-14 09:33:39.600,0
362,2022-10-14 09:33:40.100,101.755,101.755,101.75,2383,2424491600,,,22,121,2022-10-14 09:33:40.100,0
363,2022-10-14 09:33:40.600,101.755,101.755,101.75,2383,2424491600,,,43,85,2022-10-14 09:33:40.600,0
364,2022-10-14 09:33:41.600,101.755,101.755,101.75,2383,2424491600,,,40,85,2022-10-14 09:33:41.600,1
365,2022-10-14 09:33:45.600,101.755,101.755,101.75,2383,2424491600,,,41,85,2022-10-14 09:33:45.600,4
366,2022-10-14 09:33:46.100,101.755,101.755,101.75,2383,2424491600,,,41,86,2022-10-14 09:33:46.100,0
367,2022-10-14 09:33:47.100,101.755,101.755,101.75,2384,2425509150,,,40,86,2022-10-14 09:33:47.100,1
368,2022-10-14 09:33:49.100,101.755,101.755,101.75,2384,2425509150,,,30,86,2022-10-14 09:33:49.100,2
369,2022-10-14 09:33:49.600,101.755,101.76,101.755,2395,2436702200,,,137,3,2022-10-14 09:33:49.600,0
370,2022-10-14 09:33:50.100,101.76,101.76,101.755,2399,2440772500,,,99,11,2022-10-14 09:33:50.100,0
371,2022-10-14 09:33:50.600,101.76,101.76,101.755,2399,2440772500,,,109,11,2022-10-14 09:33:50.600,0
372,2022-10-14 09:33:51.100,101.755,101.76,101.755,2400,2441790050,,,109,7,2022-10-14 09:33:51.100,0
373,2022-10-14 09:33:51.600,101.755,101.755,101.75,2407,2448912900,,,12,122,2022-10-14 09:33:51.600,0
374,2022-10-14 09:33:52.100,101.755,101.755,101.75,2409,2450948000,,,24,86,2022-10-14 09:33:52.100,0
375,2022-10-14 09:33:52.600,101.755,101.755,101.75,2410,2451965550,,,26,86,2022-10-14 09:33:52.600,0
376,2022-10-14 09:33:53.100,101.755,101.755,101.75,2410,2451965550,,,15,86,2022-10-14 09:33:53.100,0
377,2022-10-14 09:33:53.600,101.755,101.755,101.75,2410,2451965550,,,14,86,2022-10-14 09:33:53.600,0
378,2022-10-14 09:33:54.100,101.76,101.76,101.755,2412,2454000750,,,143,13,2022-10-14 09:33:54.100,0
379,2022-10-14 09:33:54.600,101.76,101.76,101.755,2414,2456035950,,,105,17,2022-10-14 09:33:54.600,0
380,2022-10-14 09:33:55.100,101.76,101.76,101.755,2414,2456035950,,,105,21,2022-10-14 09:33:55.100,0
381,2022-10-14 09:33:55.600,101.76,101.76,101.755,2414,2456035950,,,106,18,2022-10-14 09:33:55.600,0
382,2022-10-14 09:33:56.100,101.76,101.76,101.755,2414,2456035950,,,106,15,2022-10-14 09:33:56.100,0
383,2022-10-14 09:33:56.600,101.755,101.755,101.75,2418,2460106150,,,1,122,2022-10-14 09:33:56.600,0
384,2022-10-14 09:33:57.100,101.755,101.76,101.75,2419,2461123700,,,141,86,2022-10-14 09:33:57.100,0
385,2022-10-14 09:33:57.600,101.755,101.755,101.75,2419,2461123700,,,5,86,2022-10-14 09:33:57.600,0
386,2022-10-14 09:33:58.100,101.755,101.755,101.75,2419,2461123700,,,29,86,2022-10-14 09:33:58.100,0
387,2022-10-14 09:34:00.100,101.755,101.755,101.75,2419,2461123700,,,29,87,2022-10-14 09:34:00.100,2
388,2022-10-14 09:34:00.600,101.755,101.755,101.75,2419,2461123700,,,30,87,2022-10-14 09:34:00.600,0
389,2022-10-14 09:34:02.600,101.75,101.755,101.75,2440,2482491250,,,28,67,2022-10-14 09:34:02.600,2
390,2022-10-14 09:34:03.100,101.75,101.755,101.75,2440,2482491250,,,29,67,2022-10-14 09:34:03.100,0
391,2022-10-14 09:34:04.600,101.755,101.755,101.75,2441,2483508800,,,28,67,2022-10-14 09:34:04.600,1
392,2022-10-14 09:34:05.600,101.755,101.755,101.75,2441,2483508800,,,29,67,2022-10-14 09:34:05.600,1
393,2022-10-14 09:34:06.100,101.755,101.755,101.75,2441,2483508800,,,29,66,2022-10-14 09:34:06.100,0
394,2022-10-14 09:34:08.100,101.755,101.755,101.75,2441,2483508800,,,59,42,2022-10-14 09:34:08.100,2
395,2022-10-14 09:34:08.600,101.755,101.755,101.75,2441,2483508800,,,62,34,2022-10-14 09:34:08.600,0
396,2022-10-14 09:34:09.100,101.75,101.755,101.75,2443,2485543800,,,60,33,2022-10-14 09:34:09.100,0
397,2022-10-14 09:34:09.600,101.75,101.755,101.75,2444,2486561300,,,60,32,2022-10-14 09:34:09.600,0
398,2022-10-14 09:34:10.100,101.75,101.755,101.75,2463,2505893800,,,77,13,2022-10-14 09:34:10.100,0
399,2022-10-14 09:34:10.600,101.75,101.75,101.745,2476,2519121300,,,9,96,2022-10-14 09:34:10.600,0
400,2022-10-14 09:34:11.100,101.75,101.75,101.745,2480,2523191300,,,23,61,2022-10-14 09:34:11.100,0
401,2022-10-14 09:34:11.600,101.75,101.75,101.745,2480,2523191300,,,29,79,2022-10-14 09:34:11.600,0
402,2022-10-14 09:34:12.100,101.75,101.75,101.745,2480,2523191300,,,25,79,2022-10-14 09:34:12.100,0
403,2022-10-14 09:34:12.600,101.75,101.75,101.745,2480,2523191300,,,24,79,2022-10-14 09:34:12.600,0
404,2022-10-14 09:34:13.600,101.75,101.75,101.745,2480,2523191300,,,24,78,2022-10-14 09:34:13.600,1
405,2022-10-14 09:34:14.100,101.75,101.75,101.745,2480,2523191300,,,25,78,2022-10-14 09:34:14.100,0
406,2022-10-14 09:34:24.100,101.745,101.75,101.745,2481,2524208750,,,25,77,2022-10-14 09:34:24.100,10
407,2022-10-14 09:34:24.600,101.745,101.75,101.745,2481,2524208750,,,25,78,2022-10-14 09:34:24.600,0
408,2022-10-14 09:34:25.100,101.745,101.75,101.745,2481,2524208750,,,26,78,2022-10-14 09:34:25.100,0
409,2022-10-14 09:34:29.100,101.745,101.75,101.745,2481,2524208750,,,57,78,2022-10-14 09:34:29.100,4
410,2022-10-14 09:34:29.600,101.745,101.75,101.745,2481,2524208750,,,76,77,2022-10-14 09:34:29.600,0
411,2022-10-14 09:34:30.100,101.745,101.75,101.745,2481,2524208750,,,74,77,2022-10-14 09:34:30.100,0
412,2022-10-14 09:34:30.600,101.745,101.75,101.745,2481,2524208750,,,73,78,2022-10-14 09:34:30.600,0
413,2022-10-14 09:34:31.100,101.745,101.75,101.745,2481,2524208750,,,73,88,2022-10-14 09:34:31.100,0
414,2022-10-14 09:34:35.100,101.745,101.75,101.745,2481,2524208750,,,74,87,2022-10-14 09:34:35.100,4
415,2022-10-14 09:34:35.600,101.745,101.75,101.745,2481,2524208750,,,73,78,2022-10-14 09:34:35.600,0
416,2022-10-14 09:34:36.100,101.745,101.75,101.745,2481,2524208750,,,73,61,2022-10-14 09:34:36.100,0
417,2022-10-14 09:34:36.600,101.745,101.745,101.74,2536,2580168500,,,35,149,2022-10-14 09:34:36.600,0
418,2022-10-14 09:34:37.100,101.745,101.745,101.74,2539,2583220850,,,59,113,2022-10-14 09:34:37.100,0
419,2022-10-14 09:34:37.600,101.745,101.745,101.74,2541,2585255750,,,62,103,2022-10-14 09:34:37.600,0
420,2022-10-14 09:34:38.100,101.745,101.745,101.74,2541,2585255750,,,59,103,2022-10-14 09:34:38.100,0
421,2022-10-14 09:34:39.100,101.745,101.745,101.74,2541,2585255750,,,59,102,2022-10-14 09:34:39.100,1
422,2022-10-14 09:34:39.600,101.745,101.745,101.74,2541,2585255750,,,49,102,2022-10-14 09:34:39.600,0
423,2022-10-14 09:34:40.600,101.745,101.745,101.74,2541,2585255750,,,50,102,2022-10-14 09:34:40.600,1
424,2022-10-14 09:34:41.600,101.745,101.745,101.74,2541,2585255750,,,49,102,2022-10-14 09:34:41.600,1
425,2022-10-14 09:34:42.600,101.745,101.745,101.74,2541,2585255750,,,14,102,2022-10-14 09:34:42.600,1
426,2022-10-14 09:34:43.100,101.75,101.75,101.745,2557,2601535050,,,116,64,2022-10-14 09:34:43.100,0
427,2022-10-14 09:34:43.600,101.75,101.75,101.745,2559,2603570050,,,66,74,2022-10-14 09:34:43.600,0
428,2022-10-14 09:34:44.600,101.745,101.75,101.745,2560,2604587500,,,49,70,2022-10-14 09:34:44.600,1
429,2022-10-14 09:34:46.100,101.745,101.75,101.745,2560,2604587500,,,49,67,2022-10-14 09:34:46.100,1
430,2022-10-14 09:34:49.100,101.745,101.75,101.745,2560,2604587500,,,49,47,2022-10-14 09:34:49.100,3
431,2022-10-14 09:34:49.600,101.745,101.75,101.745,2560,2604587500,,,66,62,2022-10-14 09:34:49.600,0
432,2022-10-14 09:34:53.600,101.745,101.75,101.745,2560,2604587500,,,66,92,2022-10-14 09:34:53.600,4
433,2022-10-14 09:34:56.600,101.745,101.75,101.745,2560,2604587500,,,36,102,2022-10-14 09:34:56.600,3
434,2022-10-14 09:34:57.100,101.75,101.755,101.75,2579,2623920000,,,127,19,2022-10-14 09:34:57.100,0
435,2022-10-14 09:34:57.600,101.755,101.755,101.75,2592,2637148000,,,72,10,2022-10-14 09:34:57.600,0
436,2022-10-14 09:34:58.100,101.755,101.755,101.75,2592,2637148000,,,67,15,2022-10-14 09:34:58.100,0
437,2022-10-14 09:34:58.600,101.755,101.755,101.75,2592,2637148000,,,67,12,2022-10-14 09:34:58.600,0
438,2022-10-14 09:34:59.100,101.755,101.755,101.75,2592,2637148000,,,67,11,2022-10-14 09:34:59.100,0
439,2022-10-14 09:34:59.600,101.755,101.755,101.75,2592,2637148000,,,67,35,2022-10-14 09:34:59.600,0
440,2022-10-14 09:35:00.600,101.755,101.755,101.75,2592,2637148000,,,67,65,2022-10-14 09:35:00.600,1
441,2022-10-14 09:35:01.100,101.755,101.755,101.75,2592,2637148000,,,31,86,2022-10-14 09:35:01.100,0
442,2022-10-14 09:35:01.600,101.75,101.755,101.75,2593,2638165500,,,31,94,2022-10-14 09:35:01.600,0
443,2022-10-14 09:35:02.100,101.75,101.755,101.75,2593,2638165500,,,51,87,2022-10-14 09:35:02.100,0
444,2022-10-14 09:35:02.600,101.75,101.755,101.75,2593,2638165500,,,61,84,2022-10-14 09:35:02.600,0
445,2022-10-14 09:35:03.100,101.755,101.755,101.75,2594,2639183050,,,60,74,2022-10-14 09:35:03.100,0
446,2022-10-14 09:35:03.600,101.755,101.755,101.75,2595,2640200600,,,59,64,2022-10-14 09:35:03.600,0
447,2022-10-14 09:35:04.100,101.755,101.755,101.75,2595,2640200600,,,60,65,2022-10-14 09:35:04.100,0
448,2022-10-14 09:35:06.100,101.755,101.755,101.75,2595,2640200600,,,50,66,2022-10-14 09:35:06.100,2
449,2022-10-14 09:35:07.100,101.755,101.755,101.75,2595,2640200600,,,50,67,2022-10-14 09:35:07.100,1
450,2022-10-14 09:35:09.100,101.75,101.755,101.75,2596,2641218100,,,50,66,2022-10-14 09:35:09.100,2
451,2022-10-14 09:35:11.600,101.75,101.755,101.75,2596,2641218100,,,50,71,2022-10-14 09:35:11.600,2
452,2022-10-14 09:35:12.100,101.75,101.755,101.75,2596,2641218100,,,50,74,2022-10-14 09:35:12.100,0
453,2022-10-14 09:35:13.100,101.75,101.755,101.75,2596,2641218100,,,52,74,2022-10-14 09:35:13.100,1
454,2022-10-14 09:35:13.600,101.75,101.755,101.75,2596,2641218100,,,52,70,2022-10-14 09:35:13.600,0
455,2022-10-14 09:35:14.100,101.75,101.755,101.75,2596,2641218100,,,52,40,2022-10-14 09:35:14.100,0
456,2022-10-14 09:35:14.600,101.75,101.755,101.75,2596,2641218100,,,82,38,2022-10-14 09:35:14.600,0
457,2022-10-14 09:35:15.100,101.75,101.755,101.75,2600,2645288100,,,92,33,2022-10-14 09:35:15.100,0
458,2022-10-14 09:35:15.600,101.75,101.755,101.75,2620,2665638100,,,92,13,2022-10-14 09:35:15.600,0
459,2022-10-14 09:35:16.100,101.75,101.75,101.745,2633,2678865600,,,42,149,2022-10-14 09:35:16.100,0
460,2022-10-14 09:35:16.600,101.75,101.75,101.745,2633,2678865600,,,47,103,2022-10-14 09:35:16.600,0
461,2022-10-14 09:35:17.100,101.75,101.75,101.745,2633,2678865600,,,47,83,2022-10-14 09:35:17.100,0
462,2022-10-14 09:35:17.600,101.75,101.75,101.745,2633,2678865600,,,44,83,2022-10-14 09:35:17.600,0
463,2022-10-14 09:35:19.100,101.75,101.75,101.745,2633,2678865600,,,43,82,2022-10-14 09:35:19.100,1
464,2022-10-14 09:35:19.600,101.75,101.75,101.745,2634,2679883100,,,42,82,2022-10-14 09:35:19.600,0
465,2022-10-14 09:35:21.100,101.75,101.75,101.745,2634,2679883100,,,56,82,2022-10-14 09:35:21.100,1
466,2022-10-14 09:35:21.600,101.75,101.75,101.745,2634,2679883100,,,83,82,2022-10-14 09:35:21.600,0
467,2022-10-14 09:35:22.100,101.75,101.75,101.745,2634,2679883100,,,93,81,2022-10-14 09:35:22.100,0
468,2022-10-14 09:35:24.100,101.75,101.75,101.745,2634,2679883100,,,74,81,2022-10-14 09:35:24.100,2
469,2022-10-14 09:35:24.600,101.75,101.75,101.745,2634,2679883100,,,74,82,2022-10-14 09:35:24.600,0
470,2022-10-14 09:35:27.100,101.75,101.75,101.745,2634,2679883100,,,74,84,2022-10-14 09:35:27.100,2
471,2022-10-14 09:35:29.100,101.75,101.75,101.745,2634,2679883100,,,57,84,2022-10-14 09:35:29.100,2
472,2022-10-14 09:35:30.600,101.75,101.75,101.745,2634,2679883100,,,57,87,2022-10-14 09:35:30.600,1
473,2022-10-14 09:35:32.600,101.75,101.75,101.745,2634,2679883100,,,52,87,2022-10-14 09:35:32.600,2
474,2022-10-14 09:35:36.600,101.75,101.75,101.745,2634,2679883100,,,62,87,2022-10-14 09:35:36.600,4
475,2022-10-14 09:35:37.600,101.75,101.75,101.745,2634,2679883100,,,92,84,2022-10-14 09:35:37.600,1
476,2022-10-14 09:35:38.100,101.75,101.75,101.745,2634,2679883100,,,102,84,2022-10-14 09:35:38.100,0
477,2022-10-14 09:35:38.600,101.75,101.75,101.745,2634,2679883100,,,102,85,2022-10-14 09:35:38.600,0
478,2022-10-14 09:35:42.100,101.75,101.75,101.745,2634,2679883100,,,102,84,2022-10-14 09:35:42.100,3
479,2022-10-14 09:35:42.600,101.75,101.75,101.745,2634,2679883100,,,98,84,2022-10-14 09:35:42.600,0
480,2022-10-14 09:35:50.600,101.75,101.75,101.745,2634,2679883100,,,98,85,2022-10-14 09:35:50.600,8
481,2022-10-14 09:35:54.100,101.75,101.75,101.745,2634,2679883100,,,98,86,2022-10-14 09:35:54.100,3
482,2022-10-14 09:36:01.100,101.75,101.75,101.745,2634,2679883100,,,98,87,2022-10-14 09:36:01.100,7
483,2022-10-14 09:36:03.600,101.75,101.75,101.745,2635,2680900600,,,97,87,2022-10-14 09:36:03.600,2
484,2022-10-14 09:36:04.100,101.75,101.75,101.745,2635,2680900600,,,91,87,2022-10-14 09:36:04.100,0
485,2022-10-14 09:36:09.600,101.75,101.75,101.745,2635,2680900600,,,61,87,2022-10-14 09:36:09.600,5
486,2022-10-14 09:36:10.600,101.75,101.75,101.745,2635,2680900600,,,49,87,2022-10-14 09:36:10.600,1
487,2022-10-14 09:36:11.100,101.75,101.755,101.75,2649,2695145600,,,159,6,2022-10-14 09:36:11.100,0
488,2022-10-14 09:36:11.600,101.75,101.755,101.75,2649,2695145600,,,114,20,2022-10-14 09:36:11.600,0
489,2022-10-14 09:36:12.100,101.75,101.755,101.75,2649,2695145600,,,94,20,2022-10-14 09:36:12.100,0
490,2022-10-14 09:36:12.600,101.75,101.755,101.75,2649,2695145600,,,94,11,2022-10-14 09:36:12.600,0
491,2022-10-14 09:36:13.100,101.75,101.755,101.75,2652,2698198100,,,94,3,2022-10-14 09:36:13.100,0
492,2022-10-14 09:36:13.600,101.75,101.75,101.745,2655,2701250600,,,23,163,2022-10-14 09:36:13.600,0
493,2022-10-14 09:36:14.100,101.75,101.75,101.745,2655,2701250600,,,24,117,2022-10-14 09:36:14.100,0
494,2022-10-14 09:36:14.600,101.75,101.75,101.745,2655,2701250600,,,27,98,2022-10-14 09:36:14.600,0
495,2022-10-14 09:36:15.100,101.75,101.75,101.745,2655,2701250600,,,27,88,2022-10-14 09:36:15.100,0
496,2022-10-14 09:36:15.600,101.75,101.75,101.745,2655,2701250600,,,24,88,2022-10-14 09:36:15.600,0
497,2022-10-14 09:36:16.100,101.75,101.75,101.745,2655,2701250600,,,21,88,2022-10-14 09:36:16.100,0
498,2022-10-14 09:36:16.600,101.75,101.755,101.75,2676,2722618100,,,159,21,2022-10-14 09:36:16.600,0
499,2022-10-14 09:36:17.100,101.75,101.755,101.75,2676,2722618100,,,103,14,2022-10-14 09:36:17.100,0
500,2022-10-14 09:36:17.600,101.75,101.755,101.75,2676,2722618100,,,83,14,2022-10-14 09:36:17.600,0
501,2022-10-14 09:36:18.100,101.75,101.75,101.745,2680,2726688100,,,6,163,2022-10-14 09:36:18.100,0
502,2022-10-14 09:36:18.600,101.75,101.75,101.745,2680,2726688100,,,23,117,2022-10-14 09:36:18.600,0
503,2022-10-14 09:36:19.100,101.75,101.75,101.745,2680,2726688100,,,28,97,2022-10-14 09:36:19.100,0
504,2022-10-14 09:36:19.600,101.75,101.75,101.745,2680,2726688100,,,25,87,2022-10-14 09:36:19.600,0
505,2022-10-14 09:36:21.600,101.75,101.75,101.745,2680,2726688100,,,25,88,2022-10-14 09:36:21.600,2
506,2022-10-14 09:36:22.600,101.75,101.75,101.745,2680,2726688100,,,39,88,2022-10-14 09:36:22.600,1
507,2022-10-14 09:36:23.100,101.75,101.75,101.745,2680,2726688100,,,86,88,2022-10-14 09:36:23.100,0
508,2022-10-14 09:36:23.600,101.75,101.75,101.745,2680,2726688100,,,109,87,2022-10-14 09:36:23.600,0
509,2022-10-14 09:36:24.100,101.745,101.745,101.74,2736,2783665300,,,6,187,2022-10-14 09:36:24.100,0
510,2022-10-14 09:36:24.600,101.745,101.745,101.74,2736,2783665300,,,28,150,2022-10-14 09:36:24.600,0
511,2022-10-14 09:36:25.100,101.745,101.745,101.74,2736,2783665300,,,22,150,2022-10-14 09:36:25.100,0
512,2022-10-14 09:36:25.600,101.745,101.745,101.74,2736,2783665300,,,19,140,2022-10-14 09:36:25.600,0
513,2022-10-14 09:36:26.600,101.745,101.745,101.74,2736,2783665300,,,19,139,2022-10-14 09:36:26.600,1
514,2022-10-14 09:36:27.100,101.745,101.745,101.74,2736,2783665300,,,20,139,2022-10-14 09:36:27.100,0
515,2022-10-14 09:36:28.100,101.745,101.745,101.74,2746,2793839800,,,17,131,2022-10-14 09:36:28.100,1
516,2022-10-14 09:36:32.600,101.745,101.745,101.74,2746,2793839800,,,11,132,2022-10-14 09:36:32.600,4
517,2022-10-14 09:36:33.100,101.745,101.745,101.74,2746,2793839800,,,14,132,2022-10-14 09:36:33.100,0
518,2022-10-14 09:36:33.600,101.745,101.745,101.74,2746,2793839800,,,17,132,2022-10-14 09:36:33.600,0
519,2022-10-14 09:36:34.100,101.745,101.745,101.74,2750,2797909600,,,13,132,2022-10-14 09:36:34.100,0
520,2022-10-14 09:36:35.100,101.745,101.745,101.74,2750,2797909600,,,7,132,2022-10-14 09:36:35.100,1
521,2022-10-14 09:36:35.600,101.745,101.745,101.74,2750,2797909600,,,8,132,2022-10-14 09:36:35.600,0
522,2022-10-14 09:36:36.100,101.745,101.745,101.74,2750,2797909600,,,7,132,2022-10-14 09:36:36.100,0
523,2022-10-14 09:36:37.100,101.745,101.745,101.74,2750,2797909600,,,4,132,2022-10-14 09:36:37.100,1
524,2022-10-14 09:36:38.100,101.745,101.745,101.74,2750,2797909600,,,5,132,2022-10-14 09:36:38.100,1
525,2022-10-14 09:36:39.100,101.74,101.745,101.74,2751,2798927000,,,5,131,2022-10-14 09:36:39.100,1
526,2022-10-14 09:36:39.600,101.74,101.745,101.74,2751,2798927000,,,11,131,2022-10-14 09:36:39.600,0
527,2022-10-14 09:36:41.100,101.74,101.745,101.74,2751,2798927000,,,25,131,2022-10-14 09:36:41.100,1
528,2022-10-14 09:36:43.100,101.74,101.745,101.74,2751,2798927000,,,25,132,2022-10-14 09:36:43.100,2
529,2022-10-14 09:36:44.600,101.74,101.745,101.74,2751,2798927000,,,55,132,2022-10-14 09:36:44.600,1
530,2022-10-14 09:36:45.100,101.74,101.745,101.74,2751,2798927000,,,84,132,2022-10-14 09:36:45.100,0
531,2022-10-14 09:36:45.600,101.74,101.745,101.74,2751,2798927000,,,93,131,2022-10-14 09:36:45.600,0
532,2022-10-14 09:36:46.600,101.74,101.745,101.74,2751,2798927000,,,93,132,2022-10-14 09:36:46.600,1
533,2022-10-14 09:36:47.100,101.74,101.745,101.74,2751,2798927000,,,83,133,2022-10-14 09:36:47.100,0
534,2022-10-14 09:36:47.600,101.74,101.745,101.74,2751,2798927000,,,73,133,2022-10-14 09:36:47.600,0
535,2022-10-14 09:36:48.100,101.74,101.745,101.74,2751,2798927000,,,72,133,2022-10-14 09:36:48.100,0
536,2022-10-14 09:36:49.100,101.74,101.745,101.74,2751,2798927000,,,55,133,2022-10-14 09:36:49.100,1
537,2022-10-14 09:36:49.600,101.74,101.745,101.74,2751,2798927000,,,35,133,2022-10-14 09:36:49.600,0
538,2022-10-14 09:36:50.100,101.74,101.745,101.74,2751,2798927000,,,29,133,2022-10-14 09:36:50.100,0
539,2022-10-14 09:36:50.600,101.74,101.745,101.74,2751,2798927000,,,15,133,2022-10-14 09:36:50.600,0
540,2022-10-14 09:36:51.100,101.745,101.75,101.745,2766,2814188750,,,192,7,2022-10-14 09:36:51.100,0
541,2022-10-14 09:36:51.600,101.745,101.75,101.745,2767,2815206200,,,146,54,2022-10-14 09:36:51.600,0
542,2022-10-14 09:36:52.100,101.745,101.75,101.745,2767,2815206200,,,146,74,2022-10-14 09:36:52.100,0
543,2022-10-14 09:36:52.600,101.745,101.75,101.745,2767,2815206200,,,147,75,2022-10-14 09:36:52.600,0
544,2022-10-14 09:36:53.600,101.745,101.75,101.745,2767,2815206200,,,137,75,2022-10-14 09:36:53.600,1
545,2022-10-14 09:36:54.100,101.745,101.75,101.745,2767,2815206200,,,137,66,2022-10-14 09:36:54.100,0
546,2022-10-14 09:36:54.600,101.745,101.75,101.745,2767,2815206200,,,136,56,2022-10-14 09:36:54.600,0
547,2022-10-14 09:36:55.100,101.745,101.75,101.745,2767,2815206200,,,136,81,2022-10-14 09:36:55.100,0
548,2022-10-14 09:36:55.600,101.745,101.75,101.745,2767,2815206200,,,136,71,2022-10-14 09:36:55.600,0
549,2022-10-14 09:36:56.100,101.745,101.75,101.745,2767,2815206200,,,136,59,2022-10-14 09:36:56.100,0
550,2022-10-14 09:36:57.100,101.745,101.75,101.745,2767,2815206200,,,136,58,2022-10-14 09:36:57.100,1
551,2022-10-14 09:36:58.100,101.745,101.75,101.745,2767,2815206200,,,136,56,2022-10-14 09:36:58.100,1
552,2022-10-14 09:37:00.100,101.745,101.75,101.745,2767,2815206200,,,136,52,2022-10-14 09:37:00.100,2
553,2022-10-14 09:37:00.600,101.745,101.745,101.74,2819,2868113600,,,18,200,2022-10-14 09:37:00.600,0
554,2022-10-14 09:37:01.100,101.745,101.745,101.74,2819,2868113600,,,9,154,2022-10-14 09:37:01.100,0
555,2022-10-14 09:37:01.600,101.745,101.745,101.74,2819,2868113600,,,23,154,2022-10-14 09:37:01.600,0
556,2022-10-14 09:37:02.100,101.745,101.745,101.74,2819,2868113600,,,20,154,2022-10-14 09:37:02.100,0
557,2022-10-14 09:37:02.600,101.745,101.745,101.74,2820,2869131050,,,19,143,2022-10-14 09:37:02.600,0
558,2022-10-14 09:37:05.100,101.745,101.745,101.74,2821,2870148500,,,18,143,2022-10-14 09:37:05.100,2
559,2022-10-14 09:37:08.100,101.745,101.745,101.74,2821,2870148500,,,19,143,2022-10-14 09:37:08.100,3
560,2022-10-14 09:37:08.600,101.745,101.745,101.74,2821,2870148500,,,18,143,2022-10-14 09:37:08.600,0
561,2022-10-14 09:37:11.600,101.745,101.745,101.74,2821,2870148500,,,18,144,2022-10-14 09:37:11.600,3
562,2022-10-14 09:37:13.100,101.745,101.745,101.74,2821,2870148500,,,6,144,2022-10-14 09:37:13.100,1
563,2022-10-14 09:37:14.100,101.74,101.745,101.74,2826,2875235500,,,6,139,2022-10-14 09:37:14.100,1
564,2022-10-14 09:37:14.600,101.74,101.745,101.74,2826,2875235500,,,8,139,2022-10-14 09:37:14.600,0
565,2022-10-14 09:37:15.600,101.74,101.745,101.74,2826,2875235500,,,7,140,2022-10-14 09:37:15.600,1
566,2022-10-14 09:37:16.100,101.74,101.745,101.74,2826,2875235500,,,7,141,2022-10-14 09:37:16.100,0
567,2022-10-14 09:37:16.600,101.74,101.745,101.74,2826,2875235500,,,22,132,2022-10-14 09:37:16.600,0
568,2022-10-14 09:37:17.100,101.74,101.745,101.74,2827,2876252900,,,21,131,2022-10-14 09:37:17.100,0
569,2022-10-14 09:37:17.600,101.74,101.745,101.74,2827,2876252900,,,38,130,2022-10-14 09:37:17.600,0
570,2022-10-14 09:37:18.100,101.74,101.745,101.74,2827,2876252900,,,82,120,2022-10-14 09:37:18.100,0
571,2022-10-14 09:37:18.600,101.74,101.745,101.74,2828,2877270300,,,106,49,2022-10-14 09:37:18.600,0
572,2022-10-14 09:37:19.100,101.74,101.74,101.735,2877,2927122900,,,12,106,2022-10-14 09:37:19.100,0
573,2022-10-14 09:37:19.600,101.74,101.74,101.735,2879,2929157700,,,38,64,2022-10-14 09:37:19.600,0
574,2022-10-14 09:37:20.100,101.74,101.74,101.735,2881,2931192500,,,38,94,2022-10-14 09:37:20.100,0
575,2022-10-14 09:37:20.600,101.74,101.74,101.735,2883,2933227300,,,33,84,2022-10-14 09:37:20.600,0
576,2022-10-14 09:37:22.600,101.74,101.74,101.735,2883,2933227300,,,33,83,2022-10-14 09:37:22.600,2
577,2022-10-14 09:37:25.600,101.74,101.74,101.735,2883,2933227300,,,34,83,2022-10-14 09:37:25.600,3
578,2022-10-14 09:37:26.100,101.74,101.74,101.735,2883,2933227300,,,35,83,2022-10-14 09:37:26.100,0
579,2022-10-14 09:37:28.100,101.74,101.74,101.735,2883,2933227300,,,35,75,2022-10-14 09:37:28.100,2
580,2022-10-14 09:37:28.600,101.74,101.74,101.735,2883,2933227300,,,45,75,2022-10-14 09:37:28.600,0
581,2022-10-14 09:37:29.100,101.74,101.74,101.735,2883,2933227300,,,43,78,2022-10-14 09:37:29.100,0
582,2022-10-14 09:37:33.100,101.74,101.74,101.735,2883,2933227300,,,44,78,2022-10-14 09:37:33.100,4
583,2022-10-14 09:37:33.600,101.74,101.74,101.735,2883,2933227300,,,44,77,2022-10-14 09:37:33.600,0
584,2022-10-14 09:37:37.100,101.74,101.745,101.74,2927,2977992900,,,157,36,2022-10-14 09:37:37.100,3
585,2022-10-14 09:37:37.600,101.74,101.745,101.74,2928,2979010300,,,111,71,2022-10-14 09:37:37.600,0
586,2022-10-14 09:37:38.100,101.74,101.745,101.74,2928,2979010300,,,91,101,2022-10-14 09:37:38.100,0
587,2022-10-14 09:37:38.600,101.74,101.745,101.74,2928,2979010300,,,81,101,2022-10-14 09:37:38.600,0
588,2022-10-14 09:37:39.100,101.74,101.745,101.74,2928,2979010300,,,81,99,2022-10-14 09:37:39.100,0
589,2022-10-14 09:37:40.600,101.74,101.745,101.74,2928,2979010300,,,80,79,2022-10-14 09:37:40.600,1
590,2022-10-14 09:37:41.100,101.74,101.745,101.74,2929,2980027700,,,81,41,2022-10-14 09:37:41.100,0
591,2022-10-14 09:37:41.600,101.74,101.745,101.74,2929,2980027700,,,83,45,2022-10-14 09:37:41.600,0
592,2022-10-14 09:37:42.100,101.74,101.745,101.74,2931,2982062500,,,81,33,2022-10-14 09:37:42.100,0
593,2022-10-14 09:37:42.600,101.74,101.745,101.74,2931,2982062500,,,80,4,2022-10-14 09:37:42.600,0
594,2022-10-14 09:37:43.100,101.74,101.745,101.74,2932,2983079900,,,80,3,2022-10-14 09:37:43.100,0
595,2022-10-14 09:37:45.600,101.74,101.74,101.735,2935,2986132100,,,1,168,2022-10-14 09:37:45.600,2
596,2022-10-14 09:37:46.100,101.74,101.745,101.74,2940,2991219050,,,125,1,2022-10-14 09:37:46.100,0
597,2022-10-14 09:37:46.600,101.74,101.74,101.735,2941,2992236450,,,2,158,2022-10-14 09:37:46.600,0
598,2022-10-14 09:37:47.100,101.74,101.74,101.735,2941,2992236450,,,2,123,2022-10-14 09:37:47.100,0
599,2022-10-14 09:37:47.600,101.74,101.74,101.735,2941,2992236450,,,5,113,2022-10-14 09:37:47.600,0
600,2022-10-14 09:37:48.100,101.74,101.74,101.735,2941,2992236450,,,2,103,2022-10-14 09:37:48.100,0
601,2022-10-14 09:37:48.600,101.74,101.745,101.74,2943,2994271250,,,156,2,2022-10-14 09:37:48.600,0
602,2022-10-14 09:37:49.100,101.74,101.745,101.74,2944,2995288650,,,111,1,2022-10-14 09:37:49.100,0
603,2022-10-14 09:37:49.600,101.74,101.74,101.735,2948,2999358250,,,1,158,2022-10-14 09:37:49.600,0
604,2022-10-14 09:37:50.100,101.74,101.745,101.74,2953,3004445250,,,136,13,2022-10-14 09:37:50.100,0
605,2022-10-14 09:37:50.600,101.74,101.745,101.74,2957,3008514850,,,100,1,2022-10-14 09:37:50.600,0
606,2022-10-14 09:37:51.100,101.74,101.74,101.735,2958,3009532250,,,2,159,2022-10-14 09:37:51.100,0
607,2022-10-14 09:37:51.600,101.74,101.74,101.735,2958,3009532250,,,2,123,2022-10-14 09:37:51.600,0
608,2022-10-14 09:37:52.100,101.74,101.74,101.735,2958,3009532250,,,5,113,2022-10-14 09:37:52.100,0
609,2022-10-14 09:37:52.600,101.74,101.745,101.74,2960,3011567050,,,156,1,2022-10-14 09:37:52.600,0
610,2022-10-14 09:37:53.100,101.74,101.74,101.735,2961,3012584450,,,2,138,2022-10-14 09:37:53.100,0
611,2022-10-14 09:37:53.600,101.74,101.74,101.735,2961,3012584450,,,2,113,2022-10-14 09:37:53.600,0
612,2022-10-14 09:37:54.100,101.74,101.74,101.735,2961,3012584450,,,2,93,2022-10-14 09:37:54.100,0
613,2022-10-14 09:37:55.600,101.74,101.74,101.735,2961,3012584450,,,3,93,2022-10-14 09:37:55.600,1
614,2022-10-14 09:37:56.100,101.74,101.74,101.735,2961,3012584450,,,2,93,2022-10-14 09:37:56.100,0
615,2022-10-14 09:37:56.600,101.74,101.74,101.735,2961,3012584450,,,2,92,2022-10-14 09:37:56.600,0
616,2022-10-14 09:37:58.600,101.74,101.74,101.735,2961,3012584450,,,6,92,2022-10-14 09:37:58.600,2
617,2022-10-14 09:37:59.100,101.74,101.74,101.735,2961,3012584450,,,6,93,2022-10-14 09:37:59.100,0
618,2022-10-14 09:38:01.100,101.74,101.74,101.735,2961,3012584450,,,2,93,2022-10-14 09:38:01.100,2
619,2022-10-14 09:38:02.100,101.74,101.74,101.735,2961,3012584450,,,6,93,2022-10-14 09:38:02.100,1
620,2022-10-14 09:38:02.600,101.735,101.74,101.735,2962,3013601800,,,6,92,2022-10-14 09:38:02.600,0
621,2022-10-14 09:38:05.600,101.735,101.74,101.735,2962,3013601800,,,6,93,2022-10-14 09:38:05.600,3
622,2022-10-14 09:38:06.100,101.735,101.74,101.735,2962,3013601800,,,7,93,2022-10-14 09:38:06.100,0
623,2022-10-14 09:38:07.100,101.735,101.74,101.735,2962,3013601800,,,3,93,2022-10-14 09:38:07.100,1
624,2022-10-14 09:38:07.600,101.735,101.74,101.735,2962,3013601800,,,7,93,2022-10-14 09:38:07.600,0
625,2022-10-14 09:38:10.100,101.735,101.74,101.735,2962,3013601800,,,21,93,2022-10-14 09:38:10.100,2
626,2022-10-14 09:38:10.600,101.735,101.74,101.735,2962,3013601800,,,65,93,2022-10-14 09:38:10.600,0
627,2022-10-14 09:38:11.100,101.735,101.74,101.735,2962,3013601800,,,88,93,2022-10-14 09:38:11.100,0
628,2022-10-14 09:38:11.600,101.735,101.74,101.735,2962,3013601800,,,85,93,2022-10-14 09:38:11.600,0
629,2022-10-14 09:38:12.100,101.735,101.74,101.735,2962,3013601800,,,85,62,2022-10-14 09:38:12.100,0
630,2022-10-14 09:38:12.600,101.735,101.735,101.73,3003,3055313150,,,6,106,2022-10-14 09:38:12.600,0
631,2022-10-14 09:38:13.100,101.735,101.735,101.73,3004,3056330500,,,11,49,2022-10-14 09:38:13.100,0
632,2022-10-14 09:38:13.600,101.735,101.735,101.73,3004,3056330500,,,11,96,2022-10-14 09:38:13.600,0
633,2022-10-14 09:38:14.100,101.735,101.74,101.735,3015,3067521350,,,134,6,2022-10-14 09:38:14.100,0
634,2022-10-14 09:38:14.600,101.735,101.74,101.735,3016,3068538700,,,87,26,2022-10-14 09:38:14.600,0
635,2022-10-14 09:38:15.100,101.735,101.74,101.735,3016,3068538700,,,67,28,2022-10-14 09:38:15.100,0
636,2022-10-14 09:38:15.600,101.735,101.74,101.735,3016,3068538700,,,66,28,2022-10-14 09:38:15.600,0
637,2022-10-14 09:38:19.100,101.735,101.74,101.735,3016,3068538700,,,66,29,2022-10-14 09:38:19.100,3
638,2022-10-14 09:38:21.100,101.735,101.74,101.735,3017,3069556050,,,66,28,2022-10-14 09:38:21.100,2
639,2022-10-14 09:38:25.600,101.735,101.74,101.735,3047,3100076550,,,69,4,2022-10-14 09:38:25.600,4
640,2022-10-14 09:38:26.100,101.735,101.74,101.73,3048,3101093900,,,69,177,2022-10-14 09:38:26.100,0
641,2022-10-14 09:38:26.600,101.735,101.74,101.73,3048,3101093900,,,79,121,2022-10-14 09:38:26.600,0
642,2022-10-14 09:38:27.100,101.735,101.74,101.735,3050,3103128600,,,83,4,2022-10-14 09:38:27.100,0
643,2022-10-14 09:38:27.600,101.735,101.74,101.73,3050,3103128600,,,69,146,2022-10-14 09:38:27.600,0
644,2022-10-14 09:38:28.100,101.735,101.74,101.73,3050,3103128600,,,79,121,2022-10-14 09:38:28.100,0
645,2022-10-14 09:38:28.600,101.735,101.74,101.735,3051,3104145950,,,83,19,2022-10-14 09:38:28.600,0
646,2022-10-14 09:38:29.100,101.735,101.74,101.735,3051,3104145950,,,69,6,2022-10-14 09:38:29.100,0
647,2022-10-14 09:38:29.600,101.735,101.74,101.735,3051,3104145950,,,69,7,2022-10-14 09:38:29.600,0
648,2022-10-14 09:38:30.100,101.735,101.74,101.735,3051,3104145950,,,69,8,2022-10-14 09:38:30.100,0
649,2022-10-14 09:38:31.100,101.735,101.74,101.735,3051,3104145950,,,69,10,2022-10-14 09:38:31.100,1
650,2022-10-14 09:38:31.600,101.735,101.74,101.735,3051,3104145950,,,69,12,2022-10-14 09:38:31.600,0
651,2022-10-14 09:38:32.600,101.735,101.74,101.735,3051,3104145950,,,69,13,2022-10-14 09:38:32.600,1
652,2022-10-14 09:38:33.100,101.735,101.74,101.735,3051,3104145950,,,69,29,2022-10-14 09:38:33.100,0
653,2022-10-14 09:38:33.600,101.735,101.74,101.735,3051,3104145950,,,69,59,2022-10-14 09:38:33.600,0
654,2022-10-14 09:38:34.100,101.735,101.74,101.735,3051,3104145950,,,69,86,2022-10-14 09:38:34.100,0
655,2022-10-14 09:38:34.600,101.735,101.74,101.735,3051,3104145950,,,69,96,2022-10-14 09:38:34.600,0
656,2022-10-14 09:38:35.100,101.735,101.74,101.735,3051,3104145950,,,67,111,2022-10-14 09:38:35.100,0
657,2022-10-14 09:38:35.600,101.735,101.74,101.735,3051,3104145950,,,62,111,2022-10-14 09:38:35.600,0
658,2022-10-14 09:38:36.100,101.74,101.745,101.74,3113,3167224750,,,157,9,2022-10-14 09:38:36.100,0
659,2022-10-14 09:38:36.600,101.74,101.745,101.74,3113,3167224750,,,102,29,2022-10-14 09:38:36.600,0
660,2022-10-14 09:38:37.100,101.74,101.745,101.74,3113,3167224750,,,86,29,2022-10-14 09:38:37.100,0
661,2022-10-14 09:38:37.600,101.74,101.745,101.74,3113,3167224750,,,86,26,2022-10-14 09:38:37.600,0
662,2022-10-14 09:38:38.600,101.74,101.745,101.74,3113,3167224750,,,85,26,2022-10-14 09:38:38.600,1
663,2022-10-14 09:38:40.100,101.74,101.745,101.74,3114,3168242150,,,85,25,2022-10-14 09:38:40.100,1
664,2022-10-14 09:38:40.600,101.74,101.745,101.74,3114,3168242150,,,86,25,2022-10-14 09:38:40.600,0
665,2022-10-14 09:38:43.600,101.74,101.745,101.74,3114,3168242150,,,86,26,2022-10-14 09:38:43.600,3
666,2022-10-14 09:38:45.600,101.74,101.745,101.74,3114,3168242150,,,86,12,2022-10-14 09:38:45.600,2
667,2022-10-14 09:38:46.100,101.74,101.745,101.74,3114,3168242150,,,86,6,2022-10-14 09:38:46.100,0
668,2022-10-14 09:38:47.100,101.74,101.745,101.74,3114,3168242150,,,86,5,2022-10-14 09:38:47.100,1
669,2022-10-14 09:38:47.600,101.74,101.74,101.735,3119,3173329150,,,1,167,2022-10-14 09:38:47.600,0
670,2022-10-14 09:38:48.100,101.74,101.745,101.74,3124,3178416150,,,131,1,2022-10-14 09:38:48.100,0
671,2022-10-14 09:38:48.600,101.74,101.745,101.74,3124,3178416150,,,106,1,2022-10-14 09:38:48.600,0
672,2022-10-14 09:38:49.100,101.74,101.745,101.74,3126,3180450950,,,86,3,2022-10-14 09:38:49.100,0
673,2022-10-14 09:38:49.600,101.74,101.745,101.74,3127,3181468350,,,86,6,2022-10-14 09:38:49.600,0
674,2022-10-14 09:38:50.100,101.74,101.74,101.735,3133,3187572750,,,1,167,2022-10-14 09:38:50.100,0
675,2022-10-14 09:38:50.600,101.74,101.74,101.735,3136,3190624950,,,5,111,2022-10-14 09:38:50.600,0
676,2022-10-14 09:38:51.100,101.74,101.74,101.735,3140,3194694550,,,22,92,2022-10-14 09:38:51.100,0
677,2022-10-14 09:38:51.600,101.74,101.74,101.735,3140,3194694550,,,23,92,2022-10-14 09:38:51.600,0
678,2022-10-14 09:38:52.100,101.74,101.74,101.735,3140,3194694550,,,20,91,2022-10-14 09:38:52.100,0
679,2022-10-14 09:38:52.600,101.74,101.74,101.735,3145,3199781550,,,17,91,2022-10-14 09:38:52.600,0
680,2022-10-14 09:39:01.100,101.74,101.74,101.735,3145,3199781550,,,5,91,2022-10-14 09:39:01.100,8
681,2022-10-14 09:39:01.600,101.74,101.745,101.74,3147,3201816350,,,153,5,2022-10-14 09:39:01.600,0
682,2022-10-14 09:39:02.100,101.74,101.745,101.74,3147,3201816350,,,107,6,2022-10-14 09:39:02.100,0
683,2022-10-14 09:39:02.600,101.74,101.745,101.74,3150,3204868550,,,87,7,2022-10-14 09:39:02.600,0
684,2022-10-14 09:39:03.100,101.74,101.745,101.74,3155,3209955550,,,88,7,2022-10-14 09:39:03.100,0
685,2022-10-14 09:39:03.600,101.74,101.745,101.74,3155,3209955550,,,88,2,2022-10-14 09:39:03.600,0
686,2022-10-14 09:39:04.100,101.74,101.745,101.74,3155,3209955550,,,88,6,2022-10-14 09:39:04.100,0
687,2022-10-14 09:39:04.600,101.74,101.745,101.74,3155,3209955550,,,87,13,2022-10-14 09:39:04.600,0
688,2022-10-14 09:39:06.600,101.74,101.745,101.74,3155,3209955550,,,87,7,2022-10-14 09:39:06.600,2
689,2022-10-14 09:39:07.100,101.74,101.745,101.74,3155,3209955550,,,87,6,2022-10-14 09:39:07.100,0
690,2022-10-14 09:39:11.100,101.74,101.74,101.735,3161,3216059950,,,1,158,2022-10-14 09:39:11.100,4
691,2022-10-14 09:39:11.600,101.74,101.74,101.735,3161,3216059950,,,10,113,2022-10-14 09:39:11.600,0
692,2022-10-14 09:39:12.100,101.74,101.74,101.735,3161,3216059950,,,13,103,2022-10-14 09:39:12.100,0
693,2022-10-14 09:39:12.600,101.74,101.74,101.735,3161,3216059950,,,11,93,2022-10-14 09:39:12.600,0
694,2022-10-14 09:39:13.100,101.74,101.74,101.735,3161,3216059950,,,5,93,2022-10-14 09:39:13.100,0
695,2022-10-14 09:39:13.600,101.74,101.745,101.74,3166,3221146950,,,152,12,2022-10-14 09:39:13.600,0
696,2022-10-14 09:39:14.100,101.74,101.745,101.74,3166,3221146950,,,106,14,2022-10-14 09:39:14.100,0
697,2022-10-14 09:39:14.600,101.74,101.745,101.74,3168,3223181750,,,86,14,2022-10-14 09:39:14.600,0
698,2022-10-14 09:39:15.100,101.74,101.745,101.74,3177,3232338350,,,88,1,2022-10-14 09:39:15.100,0
699,2022-10-14 09:39:15.600,101.74,101.74,101.735,3184,3239460150,,,1,157,2022-10-14 09:39:15.600,0
700,2022-10-14 09:39:16.100,101.74,101.745,101.74,3185,3240477550,,,133,4,2022-10-14 09:39:16.100,0
701,2022-10-14 09:39:16.600,101.74,101.74,101.735,3191,3246581950,,,6,147,2022-10-14 09:39:16.600,0
702,2022-10-14 09:39:17.100,101.74,101.74,101.735,3191,3246581950,,,7,112,2022-10-14 09:39:17.100,0
703,2022-10-14 09:39:17.600,101.74,101.74,101.735,3191,3246581950,,,18,103,2022-10-14 09:39:17.600,0
704,2022-10-14 09:39:18.100,101.74,101.74,101.735,3191,3246581950,,,15,103,2022-10-14 09:39:18.100,0
705,2022-10-14 09:39:18.600,101.74,101.74,101.735,3191,3246581950,,,32,93,2022-10-14 09:39:18.600,0
706,2022-10-14 09:39:20.600,101.74,101.74,101.735,3191,3246581950,,,32,92,2022-10-14 09:39:20.600,2
707,2022-10-14 09:39:21.600,101.74,101.74,101.735,3191,3246581950,,,16,92,2022-10-14 09:39:21.600,1
708,2022-10-14 09:39:22.100,101.74,101.74,101.735,3191,3246581950,,,9,92,2022-10-14 09:39:22.100,0
709,2022-10-14 09:39:23.100,101.74,101.74,101.735,3191,3246581950,,,9,93,2022-10-14 09:39:23.100,1
710,2022-10-14 09:39:25.100,101.74,101.74,101.735,3191,3246581950,,,9,94,2022-10-14 09:39:25.100,2
711,2022-10-14 09:39:26.600,101.735,101.74,101.735,3195,3250651350,,,9,94,2022-10-14 09:39:26.600,1
712,2022-10-14 09:39:27.100,101.735,101.74,101.735,3195,3250651350,,,23,95,2022-10-14 09:39:27.100,0
713,2022-10-14 09:39:28.100,101.735,101.74,101.735,3196,3251668700,,,40,93,2022-10-14 09:39:28.100,1
714,2022-10-14 09:39:28.600,101.735,101.74,101.735,3196,3251668700,,,70,89,2022-10-14 09:39:28.600,0
715,2022-10-14 09:39:29.100,101.735,101.74,101.735,3196,3251668700,,,80,89,2022-10-14 09:39:29.100,0
716,2022-10-14 09:39:29.600,101.74,101.74,101.735,3217,3273034100,,,66,89,2022-10-14 09:39:29.600,0
717,2022-10-14 09:39:30.100,101.74,101.74,101.735,3217,3273034100,,,67,89,2022-10-14 09:39:30.100,0
718,2022-10-14 09:39:31.100,101.74,101.74,101.735,3217,3273034100,,,57,89,2022-10-14 09:39:31.100,1
719,2022-10-14 09:39:35.600,101.74,101.74,101.735,3217,3273034100,,,57,90,2022-10-14 09:39:35.600,4
720,2022-10-14 09:39:49.100,101.74,101.74,101.735,3217,3273034100,,,57,91,2022-10-14 09:39:49.100,13
721,2022-10-14 09:39:52.100,101.74,101.74,101.735,3217,3273034100,,,57,94,2022-10-14 09:39:52.100,3
722,2022-10-14 09:39:52.600,101.74,101.74,101.735,3217,3273034100,,,27,94,2022-10-14 09:39:52.600,0
723,2022-10-14 09:39:53.100,101.74,101.74,101.735,3217,3273034100,,,21,99,2022-10-14 09:39:53.100,0
724,2022-10-14 09:39:54.100,101.74,101.74,101.735,3217,3273034100,,,27,99,2022-10-14 09:39:54.100,1
725,2022-10-14 09:39:55.600,101.74,101.74,101.735,3218,3274051500,,,26,99,2022-10-14 09:39:55.600,1
726,2022-10-14 09:39:56.100,101.74,101.74,101.735,3218,3274051500,,,9,94,2022-10-14 09:39:56.100,0
727,2022-10-14 09:39:56.600,101.74,101.74,101.735,3218,3274051500,,,16,94,2022-10-14 09:39:56.600,0
728,2022-10-14 09:39:57.100,101.74,101.74,101.735,3218,3274051500,,,16,102,2022-10-14 09:39:57.100,0
729,2022-10-14 09:39:58.600,101.74,101.74,101.735,3218,3274051500,,,16,99,2022-10-14 09:39:58.600,1
730,2022-10-14 09:39:59.100,101.74,101.74,101.735,3228,3284225500,,,12,99,2022-10-14 09:39:59.100,0
731,2022-10-14 09:40:01.100,101.74,101.74,101.735,3228,3284225500,,,13,99,2022-10-14 09:40:01.100,2
732,2022-10-14 09:40:01.600,101.74,101.74,101.735,3228,3284225500,,,14,99,2022-10-14 09:40:01.600,0
733,2022-10-14 09:40:03.100,101.74,101.745,101.74,3264,3320851900,,,163,5,2022-10-14 09:40:03.100,1
734,2022-10-14 09:40:03.600,101.74,101.745,101.74,3267,3323904100,,,118,29,2022-10-14 09:40:03.600,0
735,2022-10-14 09:40:04.100,101.74,101.745,101.74,3267,3323904100,,,108,32,2022-10-14 09:40:04.100,0
736,2022-10-14 09:40:04.600,101.74,101.745,101.74,3267,3323904100,,,118,50,2022-10-14 09:40:04.600,0
737,2022-10-14 09:40:05.100,101.74,101.745,101.74,3267,3323904100,,,118,60,2022-10-14 09:40:05.100,0
738,2022-10-14 09:40:05.600,101.74,101.745,101.74,3267,3323904100,,,108,60,2022-10-14 09:40:05.600,0
739,2022-10-14 09:40:06.100,101.74,101.745,101.74,3267,3323904100,,,108,61,2022-10-14 09:40:06.100,0
740,2022-10-14 09:40:06.600,101.74,101.745,101.74,3267,3323904100,,,107,61,2022-10-14 09:40:06.600,0
741,2022-10-14 09:40:07.100,101.74,101.745,101.74,3267,3323904100,,,107,81,2022-10-14 09:40:07.100,0
742,2022-10-14 09:40:09.600,101.745,101.745,101.74,3268,3324921550,,,76,82,2022-10-14 09:40:09.600,2
743,2022-10-14 09:40:10.100,101.745,101.745,101.74,3269,3325939000,,,38,82,2022-10-14 09:40:10.100,0
744,2022-10-14 09:40:10.600,101.745,101.75,101.745,3301,3358497400,,,201,30,2022-10-14 09:40:10.600,0
745,2022-10-14 09:40:11.100,101.745,101.75,101.745,3303,3360532300,,,145,24,2022-10-14 09:40:11.100,0
746,2022-10-14 09:40:11.600,101.745,101.75,101.745,3303,3360532300,,,145,20,2022-10-14 09:40:11.600,0
747,2022-10-14 09:40:12.100,101.745,101.75,101.745,3333,3391055800,,,130,3,2022-10-14 09:40:12.100,0
748,2022-10-14 09:40:12.600,101.745,101.745,101.74,3336,3394108150,,,28,134,2022-10-14 09:40:12.600,0
749,2022-10-14 09:40:13.100,101.745,101.745,101.74,3345,3403265200,,,32,108,2022-10-14 09:40:13.100,0
750,2022-10-14 09:40:13.600,101.745,101.75,101.745,3377,3435823600,,,161,16,2022-10-14 09:40:13.600,0
751,2022-10-14 09:40:14.100,101.745,101.75,101.745,3377,3435823600,,,108,25,2022-10-14 09:40:14.100,0
752,2022-10-14 09:40:14.600,101.75,101.75,101.745,3378,3436841100,,,100,26,2022-10-14 09:40:14.600,0
753,2022-10-14 09:40:15.100,101.75,101.75,101.745,3378,3436841100,,,100,23,2022-10-14 09:40:15.100,0
754,2022-10-14 09:40:15.600,101.75,101.75,101.745,3378,3436841100,,,100,22,2022-10-14 09:40:15.600,0
755,2022-10-14 09:40:16.600,101.75,101.75,101.745,3378,3436841100,,,99,22,2022-10-14 09:40:16.600,1
756,2022-10-14 09:40:17.600,101.75,101.75,101.745,3378,3436841100,,,99,23,2022-10-14 09:40:17.600,1
757,2022-10-14 09:40:18.600,101.75,101.75,101.745,3378,3436841100,,,99,22,2022-10-14 09:40:18.600,1
758,2022-10-14 09:40:19.600,101.75,101.75,101.745,3378,3436841100,,,99,16,2022-10-14 09:40:19.600,1
759,2022-10-14 09:40:20.100,101.745,101.745,101.74,3406,3465329700,,,9,165,2022-10-14 09:40:20.100,0
760,2022-10-14 09:40:20.600,101.745,101.745,101.74,3406,3465329700,,,27,119,2022-10-14 09:40:20.600,0
761,2022-10-14 09:40:21.100,101.745,101.745,101.74,3406,3465329700,,,24,109,2022-10-14 09:40:21.100,0
762,2022-10-14 09:40:21.600,101.745,101.745,101.74,3406,3465329700,,,21,99,2022-10-14 09:40:21.600,0
763,2022-10-14 09:40:22.100,101.745,101.75,101.745,3425,3484661250,,,161,16,2022-10-14 09:40:22.100,0
764,2022-10-14 09:40:22.600,101.745,101.75,101.745,3425,3484661250,,,106,36,2022-10-14 09:40:22.600,0
765,2022-10-14 09:40:23.100,101.745,101.75,101.745,3425,3484661250,,,86,37,2022-10-14 09:40:23.100,0
766,2022-10-14 09:40:23.600,101.745,101.75,101.745,3425,3484661250,,,86,34,2022-10-14 09:40:23.600,0
767,2022-10-14 09:40:24.100,101.745,101.75,101.745,3425,3484661250,,,86,35,2022-10-14 09:40:24.100,0
768,2022-10-14 09:40:24.600,101.745,101.75,101.745,3425,3484661250,,,85,35,2022-10-14 09:40:24.600,0
769,2022-10-14 09:40:25.600,101.745,101.75,101.745,3425,3484661250,,,85,34,2022-10-14 09:40:25.600,1
770,2022-10-14 09:40:26.100,101.745,101.75,101.745,3425,3484661250,,,86,34,2022-10-14 09:40:26.100,0
771,2022-10-14 09:40:31.600,101.745,101.75,101.745,3425,3484661250,,,86,35,2022-10-14 09:40:31.600,5
772,2022-10-14 09:40:33.100,101.745,101.75,101.745,3433,3492800850,,,96,40,2022-10-14 09:40:33.100,1
773,2022-10-14 09:40:33.600,101.745,101.75,101.745,3433,3492800850,,,96,37,2022-10-14 09:40:33.600,0
774,2022-10-14 09:40:35.600,101.745,101.75,101.745,3433,3492800850,,,97,37,2022-10-14 09:40:35.600,2
775,2022-10-14 09:40:46.100,101.75,101.75,101.745,3454,3514168350,,,77,39,2022-10-14 09:40:46.100,10
776,2022-10-14 09:40:46.600,101.75,101.75,101.745,3454,3514168350,,,80,90,2022-10-14 09:40:46.600,0
777,2022-10-14 09:40:47.100,101.75,101.75,101.745,3454,3514168350,,,77,103,2022-10-14 09:40:47.100,0
778,2022-10-14 09:40:47.600,101.75,101.75,101.745,3454,3514168350,,,77,100,2022-10-14 09:40:47.600,0
779,2022-10-14 09:40:48.100,101.745,101.75,101.745,3517,3578267700,,,79,46,2022-10-14 09:40:48.100,0
780,2022-10-14 09:40:48.600,101.745,101.75,101.745,3517,3578267700,,,85,13,2022-10-14 09:40:48.600,0
781,2022-10-14 09:40:49.600,101.745,101.75,101.745,3517,3578267700,,,82,13,2022-10-14 09:40:49.600,1
782,2022-10-14 09:40:50.600,101.745,101.75,101.745,3517,3578267700,,,82,17,2022-10-14 09:40:50.600,1
783,2022-10-14 09:40:51.100,101.745,101.75,101.745,3517,3578267700,,,82,20,2022-10-14 09:40:51.100,0
784,2022-10-14 09:40:53.100,101.745,101.75,101.745,3517,3578267700,,,82,21,2022-10-14 09:40:53.100,2
785,2022-10-14 09:40:54.100,101.745,101.75,101.745,3517,3578267700,,,82,35,2022-10-14 09:40:54.100,1
786,2022-10-14 09:40:54.600,101.745,101.75,101.745,3517,3578267700,,,82,79,2022-10-14 09:40:54.600,0
787,2022-10-14 09:40:55.100,101.745,101.75,101.745,3517,3578267700,,,82,93,2022-10-14 09:40:55.100,0
788,2022-10-14 09:40:55.600,101.745,101.75,101.745,3517,3578267700,,,80,90,2022-10-14 09:40:55.600,0
789,2022-10-14 09:40:57.100,101.745,101.75,101.745,3580,3642367050,,,80,20,2022-10-14 09:40:57.100,1
790,2022-10-14 09:40:57.600,101.745,101.745,101.74,3599,3661698600,,,9,175,2022-10-14 09:40:57.600,0
791,2022-10-14 09:40:58.100,101.745,101.745,101.74,3600,3662716050,,,28,139,2022-10-14 09:40:58.100,0
792,2022-10-14 09:40:58.600,101.745,101.745,101.74,3600,3662716050,,,26,139,2022-10-14 09:40:58.600,0
793,2022-10-14 09:40:59.100,101.745,101.745,101.74,3600,3662716050,,,23,119,2022-10-14 09:40:59.100,0
794,2022-10-14 09:40:59.600,101.745,101.745,101.74,3600,3662716050,,,23,109,2022-10-14 09:40:59.600,0
795,2022-10-14 09:41:00.100,101.745,101.745,101.74,3600,3662716050,,,23,99,2022-10-14 09:41:00.100,0
796,2022-10-14 09:41:03.100,101.745,101.745,101.74,3601,3663733500,,,22,99,2022-10-14 09:41:03.100,3
797,2022-10-14 09:41:05.100,101.745,101.75,101.745,3604,3666785850,,,169,1,2022-10-14 09:41:05.100,2
798,2022-10-14 09:41:05.600,101.745,101.745,101.74,3610,3672890550,,,26,143,2022-10-14 09:41:05.600,0
799,2022-10-14 09:41:06.100,101.745,101.745,101.74,3610,3672890550,,,46,118,2022-10-14 09:41:06.100,0
800,2022-10-14 09:41:06.600,101.745,101.745,101.74,3610,3672890550,,,76,98,2022-10-14 09:41:06.600,0
801,2022-10-14 09:41:07.100,101.745,101.745,101.74,3610,3672890550,,,86,98,2022-10-14 09:41:07.100,0
802,2022-10-14 09:41:07.600,101.745,101.745,101.74,3610,3672890550,,,83,98,2022-10-14 09:41:07.600,0
803,2022-10-14 09:41:08.600,101.745,101.745,101.74,3610,3672890550,,,82,98,2022-10-14 09:41:08.600,1
804,2022-10-14 09:41:09.100,101.745,101.745,101.74,3610,3672890550,,,72,98,2022-10-14 09:41:09.100,0
805,2022-10-14 09:41:15.100,101.745,101.745,101.74,3610,3672890550,,,72,99,2022-10-14 09:41:15.100,6
806,2022-10-14 09:41:16.100,101.745,101.745,101.74,3610,3672890550,,,64,99,2022-10-14 09:41:16.100,1
807,2022-10-14 09:41:16.600,101.745,101.745,101.74,3610,3672890550,,,42,99,2022-10-14 09:41:16.600,0
808,2022-10-14 09:41:17.100,101.745,101.745,101.74,3610,3672890550,,,26,99,2022-10-14 09:41:17.100,0
809,2022-10-14 09:41:17.600,101.745,101.745,101.74,3624,3687134850,,,12,99,2022-10-14 09:41:17.600,0
810,2022-10-14 09:41:18.100,101.745,101.75,101.745,3639,3702396600,,,169,27,2022-10-14 09:41:18.100,0
811,2022-10-14 09:41:18.600,101.745,101.75,101.745,3639,3702396600,,,112,36,2022-10-14 09:41:18.600,0
812,2022-10-14 09:41:19.100,101.745,101.75,101.745,3639,3702396600,,,72,36,2022-10-14 09:41:19.100,0
813,2022-10-14 09:41:20.100,101.745,101.75,101.745,3639,3702396600,,,72,33,2022-10-14 09:41:20.100,1
814,2022-10-14 09:41:21.100,101.745,101.75,101.745,3639,3702396600,,,71,32,2022-10-14 09:41:21.100,1
815,2022-10-14 09:41:22.100,101.745,101.75,101.745,3639,3702396600,,,71,35,2022-10-14 09:41:22.100,1
816,2022-10-14 09:41:24.600,101.745,101.75,101.745,3639,3702396600,,,72,36,2022-10-14 09:41:24.600,2
817,2022-10-14 09:41:25.100,101.745,101.75,101.745,3639,3702396600,,,74,38,2022-10-14 09:41:25.100,0
818,2022-10-14 09:41:26.100,101.745,101.745,101.74,3687,3751234200,,,5,176,2022-10-14 09:41:26.100,1
819,2022-10-14 09:41:26.600,101.745,101.745,101.74,3687,3751234200,,,46,140,2022-10-14 09:41:26.600,0
820,2022-10-14 09:41:27.100,101.745,101.745,101.74,3687,3751234200,,,46,130,2022-10-14 09:41:27.100,0
821,2022-10-14 09:41:27.600,101.745,101.745,101.74,3687,3751234200,,,47,120,2022-10-14 09:41:27.600,0
822,2022-10-14 09:41:28.100,101.745,101.745,101.74,3687,3751234200,,,47,110,2022-10-14 09:41:28.100,0
823,2022-10-14 09:41:28.600,101.745,101.745,101.74,3687,3751234200,,,47,99,2022-10-14 09:41:28.600,0
824,2022-10-14 09:41:31.100,101.745,101.745,101.74,3687,3751234200,,,47,100,2022-10-14 09:41:31.100,2
825,2022-10-14 09:41:32.100,101.745,101.745,101.74,3687,3751234200,,,50,103,2022-10-14 09:41:32.100,1
826,2022-10-14 09:41:36.600,101.745,101.745,101.74,3687,3751234200,,,50,104,2022-10-14 09:41:36.600,4
827,2022-10-14 09:41:41.600,101.74,101.745,101.74,3688,3752251600,,,50,103,2022-10-14 09:41:41.600,5
828,2022-10-14 09:41:43.600,101.74,101.745,101.74,3688,3752251600,,,50,93,2022-10-14 09:41:43.600,2
829,2022-10-14 09:41:51.100,101.74,101.745,101.74,3688,3752251600,,,50,94,2022-10-14 09:41:51.100,7
830,2022-10-14 09:41:55.600,101.74,101.745,101.74,3688,3752251600,,,51,94,2022-10-14 09:41:55.600,4
831,2022-10-14 09:41:58.600,101.74,101.745,101.74,3688,3752251600,,,51,95,2022-10-14 09:41:58.600,3
832,2022-10-14 09:42:02.100,101.74,101.745,101.74,3688,3752251600,,,102,95,2022-10-14 09:42:02.100,3
833,2022-10-14 09:42:02.600,101.745,101.745,101.74,3689,3753269050,,,103,94,2022-10-14 09:42:02.600,0
834,2022-10-14 09:42:03.100,101.745,101.745,101.74,3689,3753269050,,,105,64,2022-10-14 09:42:03.100,0
835,2022-10-14 09:42:04.100,101.745,101.745,101.74,3690,3754286500,,,104,64,2022-10-14 09:42:04.100,1
836,2022-10-14 09:42:05.100,101.745,101.745,101.74,3690,3754286500,,,104,94,2022-10-14 09:42:05.100,1
837,2022-10-14 09:42:05.600,101.745,101.745,101.74,3690,3754286500,,,72,94,2022-10-14 09:42:05.600,0
838,2022-10-14 09:42:06.100,101.745,101.745,101.74,3690,3754286500,,,55,94,2022-10-14 09:42:06.100,0
839,2022-10-14 09:42:06.600,101.74,101.745,101.74,3691,3755303900,,,51,93,2022-10-14 09:42:06.600,0
840,2022-10-14 09:42:07.600,101.74,101.745,101.74,3691,3755303900,,,53,93,2022-10-14 09:42:07.600,1
841,2022-10-14 09:42:08.100,101.74,101.745,101.74,3691,3755303900,,,51,93,2022-10-14 09:42:08.100,0
842,2022-10-14 09:42:11.100,101.74,101.745,101.74,3691,3755303900,,,51,94,2022-10-14 09:42:11.100,3
843,2022-10-14 09:42:11.600,101.74,101.745,101.74,3691,3755303900,,,51,95,2022-10-14 09:42:11.600,0
844,2022-10-14 09:42:12.600,101.74,101.745,101.74,3691,3755303900,,,52,95,2022-10-14 09:42:12.600,1
845,2022-10-14 09:42:13.600,101.74,101.745,101.74,3691,3755303900,,,53,95,2022-10-14 09:42:13.600,1
846,2022-10-14 09:42:17.600,101.745,101.745,101.74,3701,3765478400,,,37,95,2022-10-14 09:42:17.600,4
847,2022-10-14 09:42:18.100,101.745,101.745,101.74,3701,3765478400,,,36,98,2022-10-14 09:42:18.100,0
848,2022-10-14 09:42:20.100,101.745,101.745,101.74,3701,3765478400,,,36,99,2022-10-14 09:42:20.100,2
849,2022-10-14 09:42:21.100,101.745,101.745,101.74,3701,3765478400,,,44,99,2022-10-14 09:42:21.100,1
850,2022-10-14 09:42:24.100,101.745,101.75,101.74,3745,3810246200,,,171,89,2022-10-14 09:42:24.100,3
851,2022-10-14 09:42:24.600,101.745,101.75,101.745,3745,3810246200,,,146,26,2022-10-14 09:42:24.600,0
852,2022-10-14 09:42:25.100,101.745,101.75,101.745,3745,3810246200,,,125,33,2022-10-14 09:42:25.100,0
853,2022-10-14 09:42:25.600,101.745,101.75,101.745,3745,3810246200,,,115,35,2022-10-14 09:42:25.600,0
854,2022-10-14 09:42:26.100,101.745,101.75,101.745,3745,3810246200,,,104,38,2022-10-14 09:42:26.100,0
855,2022-10-14 09:42:26.600,101.745,101.75,101.745,3745,3810246200,,,94,38,2022-10-14 09:42:26.600,0
856,2022-10-14 09:42:27.600,101.745,101.75,101.745,3745,3810246200,,,104,38,2022-10-14 09:42:27.600,1
857,2022-10-14 09:42:31.100,101.745,101.75,101.745,3745,3810246200,,,104,39,2022-10-14 09:42:31.100,3
858,2022-10-14 09:42:33.600,101.745,101.75,101.745,3745,3810246200,,,105,40,2022-10-14 09:42:33.600,2
859,2022-10-14 09:42:34.100,101.745,101.75,101.745,3745,3810246200,,,107,42,2022-10-14 09:42:34.100,0
860,2022-10-14 09:42:36.600,101.745,101.75,101.745,3745,3810246200,,,112,42,2022-10-14 09:42:36.600,2
861,2022-10-14 09:42:37.100,101.745,101.75,101.745,3745,3810246200,,,122,42,2022-10-14 09:42:37.100,0
862,2022-10-14 09:42:37.600,101.745,101.75,101.745,3745,3810246200,,,132,41,2022-10-14 09:42:37.600,0
863,2022-10-14 09:42:38.100,101.745,101.745,101.74,3786,3851961650,,,33,169,2022-10-14 09:42:38.100,0
864,2022-10-14 09:42:38.600,101.745,101.745,101.74,3786,3851961650,,,46,143,2022-10-14 09:42:38.600,0
865,2022-10-14 09:42:39.100,101.745,101.745,101.74,3786,3851961650,,,48,133,2022-10-14 09:42:39.100,0
866,2022-10-14 09:42:39.600,101.745,101.745,101.74,3786,3851961650,,,45,113,2022-10-14 09:42:39.600,0
867,2022-10-14 09:42:40.100,101.745,101.745,101.74,3786,3851961650,,,45,93,2022-10-14 09:42:40.100,0
868,2022-10-14 09:42:40.600,101.745,101.745,101.74,3786,3851961650,,,62,92,2022-10-14 09:42:40.600,0
869,2022-10-14 09:42:41.100,101.745,101.745,101.74,3804,3870275750,,,58,92,2022-10-14 09:42:41.100,0
870,2022-10-14 09:42:41.600,101.745,101.745,101.74,3804,3870275750,,,31,92,2022-10-14 09:42:41.600,0
871,2022-10-14 09:42:42.100,101.745,101.745,101.74,3804,3870275750,,,27,93,2022-10-14 09:42:42.100,0
872,2022-10-14 09:42:42.600,101.745,101.745,101.74,3804,3870275750,,,27,103,2022-10-14 09:42:42.600,0
873,2022-10-14 09:42:43.100,101.745,101.745,101.74,3804,3870275750,,,25,103,2022-10-14 09:42:43.100,0
874,2022-10-14 09:42:44.100,101.745,101.745,101.74,3804,3870275750,,,26,104,2022-10-14 09:42:44.100,1
875,2022-10-14 09:42:44.600,101.745,101.745,101.74,3804,3870275750,,,28,94,2022-10-14 09:42:44.600,0
876,2022-10-14 09:42:45.100,101.745,101.745,101.74,3804,3870275750,,,32,94,2022-10-14 09:42:45.100,0
877,2022-10-14 09:42:48.100,101.745,101.745,101.74,3804,3870275750,,,31,93,2022-10-14 09:42:48.100,3
878,2022-10-14 09:42:50.100,101.745,101.745,101.74,3804,3870275750,,,34,96,2022-10-14 09:42:50.100,2
879,2022-10-14 09:42:51.100,101.745,101.745,101.74,3804,3870275750,,,51,97,2022-10-14 09:42:51.100,1
880,2022-10-14 09:42:51.600,101.745,101.745,101.74,3804,3870275750,,,91,97,2022-10-14 09:42:51.600,0
881,2022-10-14 09:42:52.100,101.745,101.745,101.74,3804,3870275750,,,94,97,2022-10-14 09:42:52.100,0
882,2022-10-14 09:42:52.600,101.745,101.745,101.74,3804,3870275750,,,91,97,2022-10-14 09:42:52.600,0
883,2022-10-14 09:42:53.600,101.745,101.745,101.74,3804,3870275750,,,81,67,2022-10-14 09:42:53.600,1
884,2022-10-14 09:42:54.600,101.745,101.745,101.74,3804,3870275750,,,81,66,2022-10-14 09:42:54.600,1
885,2022-10-14 09:42:58.100,101.745,101.745,101.74,3804,3870275750,,,81,60,2022-10-14 09:42:58.100,3
886,2022-10-14 09:42:58.600,101.74,101.74,101.735,3863,3930302350,,,18,192,2022-10-14 09:42:58.600,0
887,2022-10-14 09:42:59.100,101.74,101.74,101.735,3863,3930302350,,,38,126,2022-10-14 09:42:59.100,0
888,2022-10-14 09:42:59.600,101.74,101.74,101.735,3863,3930302350,,,78,116,2022-10-14 09:42:59.600,0
889,2022-10-14 09:43:00.100,101.74,101.74,101.735,3863,3930302350,,,81,76,2022-10-14 09:43:00.100,0
890,2022-10-14 09:43:00.600,101.74,101.74,101.735,3863,3930302350,,,81,75,2022-10-14 09:43:00.600,0
891,2022-10-14 09:43:01.100,101.74,101.74,101.735,3863,3930302350,,,78,75,2022-10-14 09:43:01.100,0
892,2022-10-14 09:43:01.600,101.74,101.74,101.735,3863,3930302350,,,79,75,2022-10-14 09:43:01.600,0
893,2022-10-14 09:43:02.100,101.74,101.74,101.735,3865,3932337150,,,67,80,2022-10-14 09:43:02.100,0
894,2022-10-14 09:43:03.600,101.74,101.74,101.735,3865,3932337150,,,67,81,2022-10-14 09:43:03.600,1
895,2022-10-14 09:43:04.100,101.74,101.74,101.735,3866,3933354550,,,66,81,2022-10-14 09:43:04.100,0
896,2022-10-14 09:43:09.100,101.74,101.74,101.735,3907,3975067950,,,36,91,2022-10-14 09:43:09.100,5
897,2022-10-14 09:43:09.600,101.74,101.74,101.735,3907,3975067950,,,15,94,2022-10-14 09:43:09.600,0
898,2022-10-14 09:43:10.100,101.74,101.74,101.735,3907,3975067950,,,15,91,2022-10-14 09:43:10.100,0
899,2022-10-14 09:43:11.100,101.74,101.74,101.735,3907,3975067950,,,15,92,2022-10-14 09:43:11.100,1
900,2022-10-14 09:43:11.600,101.74,101.74,101.735,3907,3975067950,,,15,93,2022-10-14 09:43:11.600,0
901,2022-10-14 09:43:21.600,101.74,101.74,101.735,3907,3975067950,,,25,93,2022-10-14 09:43:21.600,10
902,2022-10-14 09:43:22.100,101.74,101.74,101.735,3908,3976085350,,,24,93,2022-10-14 09:43:22.100,0
903,2022-10-14 09:43:22.600,101.74,101.745,101.74,3932,4000502950,,,170,28,2022-10-14 09:43:22.600,0
904,2022-10-14 09:43:23.100,101.74,101.745,101.74,3932,4000502950,,,133,43,2022-10-14 09:43:23.100,0
905,2022-10-14 09:43:23.600,101.74,101.745,101.74,3941,4009659550,,,123,30,2022-10-14 09:43:23.600,0
906,2022-10-14 09:43:24.100,101.74,101.745,101.74,3941,4009659550,,,123,27,2022-10-14 09:43:24.100,0
907,2022-10-14 09:43:24.600,101.74,101.745,101.74,3941,4009659550,,,113,33,2022-10-14 09:43:24.600,0
908,2022-10-14 09:43:25.100,101.74,101.745,101.74,3941,4009659550,,,103,33,2022-10-14 09:43:25.100,0
909,2022-10-14 09:43:25.600,101.74,101.745,101.74,3941,4009659550,,,103,34,2022-10-14 09:43:25.600,0
910,2022-10-14 09:43:26.100,101.74,101.745,101.74,3941,4009659550,,,102,34,2022-10-14 09:43:26.100,0
911,2022-10-14 09:43:30.100,101.74,101.745,101.74,3941,4009659550,,,113,37,2022-10-14 09:43:30.100,4
912,2022-10-14 09:43:30.600,101.74,101.745,101.74,3941,4009659550,,,123,37,2022-10-14 09:43:30.600,0
913,2022-10-14 09:43:31.100,101.74,101.745,101.74,3941,4009659550,,,133,38,2022-10-14 09:43:31.100,0
914,2022-10-14 09:43:37.600,101.74,101.745,101.74,3941,4009659550,,,133,48,2022-10-14 09:43:37.600,6
915,2022-10-14 09:43:46.100,101.74,101.745,101.74,3941,4009659550,,,133,42,2022-10-14 09:43:46.100,8
916,2022-10-14 09:43:51.100,101.74,101.745,101.74,3941,4009659550,,,133,43,2022-10-14 09:43:51.100,5
917,2022-10-14 09:44:01.100,101.74,101.745,101.74,3941,4009659550,,,133,47,2022-10-14 09:44:01.100,10
918,2022-10-14 09:44:01.600,101.74,101.745,101.74,3941,4009659550,,,133,48,2022-10-14 09:44:01.600,0
919,2022-10-14 09:44:02.600,101.74,101.745,101.74,3941,4009659550,,,133,50,2022-10-14 09:44:02.600,1
920,2022-10-14 09:44:03.100,101.74,101.745,101.74,3941,4009659550,,,133,67,2022-10-14 09:44:03.100,0
921,2022-10-14 09:44:04.100,101.74,101.745,101.74,3941,4009659550,,,133,68,2022-10-14 09:44:04.100,1
922,2022-10-14 09:44:04.600,101.74,101.745,101.74,3941,4009659550,,,133,69,2022-10-14 09:44:04.600,0
923,2022-10-14 09:44:08.100,101.74,101.745,101.74,3941,4009659550,,,133,70,2022-10-14 09:44:08.100,3
924,2022-10-14 09:44:09.100,101.74,101.745,101.74,3941,4009659550,,,133,72,2022-10-14 09:44:09.100,1
925,2022-10-14 09:44:10.100,101.74,101.745,101.74,3941,4009659550,,,143,72,2022-10-14 09:44:10.100,1
926,2022-10-14 09:44:11.100,101.74,101.745,101.74,3941,4009659550,,,143,73,2022-10-14 09:44:11.100,1
927,2022-10-14 09:44:11.600,101.74,101.745,101.74,3941,4009659550,,,143,55,2022-10-14 09:44:11.600,0
928,2022-10-14 09:44:12.100,101.74,101.74,101.735,3996,4065616550,,,34,164,2022-10-14 09:44:12.100,0
929,2022-10-14 09:44:12.600,101.74,101.74,101.735,3996,4065616550,,,50,108,2022-10-14 09:44:12.600,0
930,2022-10-14 09:44:13.100,101.74,101.74,101.735,3996,4065616550,,,48,88,2022-10-14 09:44:13.100,0
931,2022-10-14 09:44:13.600,101.74,101.74,101.735,3996,4065616550,,,33,78,2022-10-14 09:44:13.600,0
932,2022-10-14 09:44:14.100,101.74,101.74,101.735,3996,4065616550,,,33,77,2022-10-14 09:44:14.100,0
933,2022-10-14 09:44:14.600,101.74,101.74,101.735,3996,4065616550,,,19,77,2022-10-14 09:44:14.600,0
934,2022-10-14 09:44:19.600,101.74,101.74,101.735,3997,4066633950,,,18,77,2022-10-14 09:44:19.600,5
935,2022-10-14 09:44:23.600,101.735,101.74,101.735,3998,4067651300,,,18,76,2022-10-14 09:44:23.600,4
936,2022-10-14 09:44:25.600,101.735,101.74,101.735,3998,4067651300,,,19,76,2022-10-14 09:44:25.600,2
937,2022-10-14 09:44:26.100,101.74,101.745,101.74,4026,4096138500,,,178,34,2022-10-14 09:44:26.100,0
938,2022-10-14 09:44:26.600,101.74,101.745,101.74,4026,4096138500,,,131,38,2022-10-14 09:44:26.600,0
939,2022-10-14 09:44:27.100,101.74,101.745,101.74,4028,4098173300,,,131,56,2022-10-14 09:44:27.100,0
940,2022-10-14 09:44:27.600,101.74,101.745,101.74,4028,4098173300,,,121,63,2022-10-14 09:44:27.600,0
941,2022-10-14 09:44:28.100,101.74,101.745,101.74,4028,4098173300,,,110,103,2022-10-14 09:44:28.100,0
942,2022-10-14 09:44:28.600,101.74,101.745,101.74,4028,4098173300,,,100,107,2022-10-14 09:44:28.600,0
943,2022-10-14 09:44:29.100,101.74,101.745,101.74,4028,4098173300,,,100,104,2022-10-14 09:44:29.100,0
944,2022-10-14 09:44:29.600,101.74,101.745,101.74,4028,4098173300,,,100,94,2022-10-14 09:44:29.600,0
945,2022-10-14 09:44:30.600,101.74,101.745,101.74,4028,4098173300,,,100,95,2022-10-14 09:44:30.600,1
946,2022-10-14 09:44:31.100,101.74,101.745,101.74,4028,4098173300,,,104,100,2022-10-14 09:44:31.100,0
947,2022-10-14 09:44:34.600,101.745,101.745,101.74,4030,4100208200,,,111,109,2022-10-14 09:44:34.600,3
948,2022-10-14 09:44:35.600,101.745,101.745,101.74,4030,4100208200,,,101,99,2022-10-14 09:44:35.600,1
949,2022-10-14 09:44:45.100,101.745,101.745,101.74,4030,4100208200,,,101,103,2022-10-14 09:44:45.100,9
950,2022-10-14 09:44:47.600,101.745,101.745,101.74,4030,4100208200,,,71,103,2022-10-14 09:44:47.600,2
951,2022-10-14 09:44:48.100,101.745,101.75,101.745,4107,4178551850,,,174,24,2022-10-14 09:44:48.100,0
952,2022-10-14 09:44:48.600,101.745,101.75,101.745,4107,4178551850,,,138,55,2022-10-14 09:44:48.600,0
953,2022-10-14 09:44:49.100,101.745,101.75,101.745,4107,4178551850,,,138,61,2022-10-14 09:44:49.100,0
954,2022-10-14 09:44:49.600,101.745,101.75,101.745,4107,4178551850,,,128,58,2022-10-14 09:44:49.600,0
955,2022-10-14 09:44:50.100,101.745,101.75,101.745,4107,4178551850,,,118,49,2022-10-14 09:44:50.100,0
956,2022-10-14 09:44:50.600,101.745,101.75,101.745,4107,4178551850,,,107,89,2022-10-14 09:44:50.600,0
957,2022-10-14 09:44:51.100,101.745,101.75,101.745,4107,4178551850,,,77,82,2022-10-14 09:44:51.100,0
958,2022-10-14 09:44:51.600,101.745,101.75,101.745,4107,4178551850,,,68,79,2022-10-14 09:44:51.600,0
959,2022-10-14 09:44:52.100,101.745,101.75,101.745,4107,4178551850,,,69,80,2022-10-14 09:44:52.100,0
960,2022-10-14 09:44:52.600,101.745,101.75,101.745,4107,4178551850,,,69,81,2022-10-14 09:44:52.600,0
961,2022-10-14 09:44:53.600,101.745,101.75,101.745,4107,4178551850,,,59,81,2022-10-14 09:44:53.600,1
962,2022-10-14 09:44:54.600,101.75,101.75,101.745,4108,4179569350,,,58,81,2022-10-14 09:44:54.600,1
963,2022-10-14 09:44:55.100,101.75,101.75,101.745,4108,4179569350,,,48,71,2022-10-14 09:44:55.100,0
964,2022-10-14 09:44:55.600,101.75,101.75,101.745,4119,4190761850,,,35,71,2022-10-14 09:44:55.600,0
965,2022-10-14 09:44:56.100,101.75,101.75,101.745,4119,4190761850,,,36,71,2022-10-14 09:44:56.100,0
966,2022-10-14 09:44:57.100,101.75,101.75,101.745,4119,4190761850,,,36,74,2022-10-14 09:44:57.100,1
967,2022-10-14 09:44:58.600,101.75,101.75,101.745,4119,4190761850,,,35,73,2022-10-14 09:44:58.600,1
968,2022-10-14 09:44:59.100,101.75,101.75,101.745,4119,4190761850,,,37,75,2022-10-14 09:44:59.100,0
969,2022-10-14 09:45:01.100,101.745,101.75,101.745,4120,4191779300,,,37,74,2022-10-14 09:45:01.100,2
970,2022-10-14 09:45:03.100,101.75,101.75,101.745,4121,4192796800,,,36,74,2022-10-14 09:45:03.100,2
971,2022-10-14 09:45:04.600,101.75,101.75,101.745,4121,4192796800,,,53,74,2022-10-14 09:45:04.600,1
972,2022-10-14 09:45:05.100,101.75,101.75,101.745,4121,4192796800,,,63,74,2022-10-14 09:45:05.100,0
973,2022-10-14 09:45:07.100,101.75,101.75,101.745,4121,4192796800,,,53,74,2022-10-14 09:45:07.100,2
974,2022-10-14 09:45:11.600,101.75,101.75,101.745,4121,4192796800,,,53,75,2022-10-14 09:45:11.600,4
975,2022-10-14 09:45:12.100,101.75,101.75,101.745,4122,4193814300,,,52,76,2022-10-14 09:45:12.100,0
976,2022-10-14 09:45:13.100,101.75,101.75,101.745,4122,4193814300,,,27,77,2022-10-14 09:45:13.100,1
977,2022-10-14 09:45:14.100,101.75,101.75,101.745,4122,4193814300,,,27,78,2022-10-14 09:45:14.100,1
978,2022-10-14 09:45:14.600,101.75,101.75,101.745,4122,4193814300,,,29,78,2022-10-14 09:45:14.600,0
979,2022-10-14 09:45:15.600,101.75,101.755,101.75,4151,4223321800,,,188,9,2022-10-14 09:45:15.600,1
980,2022-10-14 09:45:16.100,101.75,101.755,101.75,4151,4223321800,,,142,21,2022-10-14 09:45:16.100,0
981,2022-10-14 09:45:17.100,101.75,101.755,101.75,4151,4223321800,,,142,18,2022-10-14 09:45:17.100,1
982,2022-10-14 09:45:17.600,101.75,101.755,101.75,4151,4223321800,,,132,18,2022-10-14 09:45:17.600,0
983,2022-10-14 09:45:18.100,101.75,101.755,101.75,4151,4223321800,,,122,18,2022-10-14 09:45:18.100,0
984,2022-10-14 09:45:18.600,101.75,101.75,101.745,4169,4241636800,,,4,146,2022-10-14 09:45:18.600,0
985,2022-10-14 09:45:19.100,101.75,101.75,101.745,4175,4247741800,,,1,104,2022-10-14 09:45:19.100,0
986,2022-10-14 09:45:19.600,101.75,101.755,101.75,4179,4251811800,,,184,14,2022-10-14 09:45:19.600,0
987,2022-10-14 09:45:20.100,101.75,101.755,101.75,4179,4251811800,,,151,9,2022-10-14 09:45:20.100,0
988,2022-10-14 09:45:20.600,101.75,101.755,101.75,4179,4251811800,,,152,23,2022-10-14 09:45:20.600,0
989,2022-10-14 09:45:21.600,101.75,101.755,101.75,4179,4251811800,,,132,23,2022-10-14 09:45:21.600,1
990,2022-10-14 09:45:22.100,101.75,101.755,101.75,4179,4251811800,,,122,23,2022-10-14 09:45:22.100,0
991,2022-10-14 09:45:22.600,101.75,101.755,101.75,4179,4251811800,,,121,23,2022-10-14 09:45:22.600,0
992,2022-10-14 09:45:23.100,101.75,101.755,101.75,4179,4251811800,,,121,33,2022-10-14 09:45:23.100,0
993,2022-10-14 09:45:23.600,101.75,101.755,101.75,4179,4251811800,,,131,48,2022-10-14 09:45:23.600,0
994,2022-10-14 09:45:27.100,101.75,101.755,101.75,4179,4251811800,,,132,49,2022-10-14 09:45:27.100,3
995,2022-10-14 09:45:27.600,101.75,101.755,101.75,4179,4251811800,,,132,52,2022-10-14 09:45:27.600,0
996,2022-10-14 09:45:28.600,101.75,101.755,101.75,4179,4251811800,,,132,82,2022-10-14 09:45:28.600,1
997,2022-10-14 09:45:29.600,101.75,101.755,101.75,4179,4251811800,,,131,81,2022-10-14 09:45:29.600,1
